@Article{Fritz1,
  author = 	 {Maurer, S. and  Fritz, J. and Muskhelishvili, G. and Travers, A.},
  title = 	 { {RNA} polymerase and the activator {FIS} bind as discrete complexes in a ternary transcription initiation complex },
  journal = 	 {EMBO J.},
  year = 	 {2006},
  volume = 	 {25},
  pages = 	 {3784-3790},
 
}


@Article{Fritz2,
  author = 	 {Gomez, J.F.P.d.S. et al.},
  title = 	 {Stable polymethacrylate nanocapsules from ultraviolet light-induced template radical polymerization of unilamellar liposomes },
  journal = 	 {Langmuir},
  year = 	 {2006},
  volume = 	 {22},
  pages = 	 {7755-7759},
 
}


@InProceedings{Fritz3,
  author = 	 {Fritz, J.},
  title = 	 {Cantilever Array Sensors: Sensing temperature, acceleration, gases, and biomolecules },
  booktitle = {Sensoren und Messsysteme, 13th {ITG}/{GMA} Fachtagung Freiburg 2006 },
  pages = 	 {57-60},
  year = 	 {2006},
  publisher = {VDE Verlag GmbH 2006},
 
}

@Article{Fritz4,
  author = 	 {Pera, I. and Fritz, J.},
  title = 	 {Sensing lipid bilayer formation and expansion with a microfabricated cantilever array },
  journal = 	 {Langmuir},
  year = 	 {2006},
  pages = 	 {accepted},
 
}
