@article{Zacharias1,
   Author = {F. Razga and M. Zacharias and K. Reblova and J. Koca and J. Sponer},
   Title = {{RNA kink-turns as molecular elbows: hydration, cation binding, and large-scale dynamics}},
   Journal = {Structure},
   Volume = {14},
   Pages = {825-835},
   Note = {},
   Year = {2006}
   }


@article{Zacharias2,
   Author = {S. Wong and D. Roccatano and M. Zacharias and U. Schwaneberg},
   Title = {{A Statistical Analysis of Random Mutagenesis Methods Used for Directed Protein Evolution}},
   Journal = {J. Mol. Biol.},
   Volume = {355},
   Pages = {858-871},
   Note = {},
   Year = {2006}
   }


@article{Zacharias3,
   Author = {A. Barthel  and M. Zacharias},
   Title = "{Conformational Transitions in RNA Single Uridine and Adenosine Bulge Structures: A Molecular Dynamics Free Energy Simulation Study}",
   Journal = {Biophys. J.},
   Volume = {90},
   Pages = {2450-2462},
   Note = {},
   Year = {2006}
   }

@article{Zacharias4,
   Author = {K. Hampel and I. Kaufhold and M. Zacharias and F.D. Böhmer and D. Imhof},
   Title = "{Phosphotyrosyl Peptide Ligands of the SHP-1 N-SH2 Domain: Effects on Binding and Stimulation of Phosphatase Activity}",
   Journal = {Chem. Med. Chem.},
   Volume = {1},
   Pages = {869-877},
   Note = {},
   Year = {2006}
   }

@article{Zacharias5,
   Author = {Bastard, K. and Prevost, C. and Zacharias, M.},
   Title = "{Accounting for loop flexibility during protein-protein docking}",
   Journal = {Proteins},
   Volume = {62},
   Pages = {956-969},
   Note = {},
   Year = {2006}
   }


@article{Zacharias6,
   Author = {D. Imhof and A.S. Wavreille and A. May and M. Zacharias and S. Tridandapani and D. Pei},
   Title = "{Sequence specificity of SHP-1 and SHP-2 SH2 domains: Critical roles of residues beyond the pY+3 position}",
   Journal = {J. Biol. Chem.},
   Volume = {281},
   Pages = {20271-20282},
   Note = {},
   Year = {2006}
   }


@article{Zacharias7,
   Author = {H.U. Göringer and M. Homann and M. Zacharias and A. Adler},
   Title = "{RNA aptamers as potential pharmaceuticals against infections with African trypanosomes}",
   Journal = {Handb Exp Pharmacol},
   Volume = {173},
   Pages = {375-393},
   Note = {},
   Year = {2006}
   }

@article{Zacharias8,
   Author = {M. Zacharias},
   Title = "{Minor groove deformability of DNA: A Molecular dynamics free energy simulation study}",
   Journal = {Biophys. J.},
   Volume = {91},
   Pages = {882-891},
   Note = {},
   Year = {2006}
   }


@article{Zacharias9,
   Author = {D. Roccatano and T.S. Wong and U. Schwaneberg and M. Zacharias},
   Title = "{Toward understanding the inactivation mechanism of monooxygenase P450 BM-3 by organic cosolvents: A molecular dynamics simulation study}",
   Journal = {Biopolymers},
   Volume = {83},
   Pages = {467-476},
   Note = {},
   Year = {2006}
   }


@article{Zacharias10,
   Author = {H. Sahoo and D. Roccatano and M. Zacharias and W.M. Nau},
   Title = "{Distance Distributions of Short Polypeptides Recovered by Fluorescence Resonance Energy Transfer in the 10 \AA Domain}",
   Journal = {J. Am. Chem. Soc.},
   Volume = {128},
   Pages = {8118-8119},
   Note = {},
   Year = {2006}
   }




@article{Zacharias11,
   Author = {S. Kannan and K. Kohlhoff and M. Zacharias},
   Title = "{B-DNA Under Stress: Over and Un-Twisting of DNA during Molecular Dynamics Simulations}",
   Journal = {Biophys. J.},
   Volume = {91},
   Pages = {2956-2965},
   Note = {},
   Year = {2006}
   }


@article{Zacharias12,
   Author = {M. Homann and M. Lorger and M. Engstler and M. Zacharias and H.U. Göringer},
   Title = "{Serum-stable RNA aptamers to an invariant surface domain of live African trypanosomes}",
   Journal = {Comb Chem High Throughput Screen},
   Volume = {9},
   Pages = {491-499},
   Note = {},
   Year = {2006}
   }

@article{Zacharias13,
   Author = {S. Kannan and M. Zacharias},
   Title = "{Enhanced sampling of peptide and protein conformations using replica exchange simulations with a peptide backbone biasing-potential}",
   Journal = {Proteins},
   Volume = {},
   Pages = {},
   Note = {in press},
   Year = {2006}
   }

@article{Zacharias14,
   Author = {F. Sieker and S. Springer and M. Zacharias},
   Title = "{Comparative molecular dynamics analysis of tapasin-dependent and independent MHC class I alleles}",
   Journal = {Protein Science},
   Volume = {},
   Pages = {},
   Note = {in press},
   Year = {2006}
   }



@InCollection{Zacharias15,
  author = 	 {M. Zacharias},
  title = 	 "{Continuum solvent models to study the structure and dynamics of nucleic acids and complexes with ligands}",
  booktitle = 	 "{Computational studies of RNA and DNA}",
 pages = 	 {95-119},
  publisher = {Springer},
  year = 	 {2006},
  editor = 	 {J. Sponer and F. Lankas},
 address = 	 {Dordrecht, The Netherlands},
  
}