@Article{Belov1,
  author = 	 {Gal'perin, G. A.},
  title = 	 {Russion Math. Surveys},
  journal = 	 {},
  year = 	 {1985},
  OPTkey = 	 {},
  OPTvolume = 	 {40},
  OPTnumber = 	 {},
  OPTpages = 	 {229},
  OPTmonth = 	 {},
  OPTnote = 	 {},
  OPTeprint =	 {},
  OPTannote = 	 {}
}

@Article{Belov2,
  author = 	 {Dusseault, M. B.},
  title = 	 {Itacolumites: the flexible sandstones},
  journal = 	 {Q.J. eng. Geol.},
  year = 	 {1980},
  OPTkey = 	 {},
  OPTvolume = 	 {13},
  OPTnumber = 	 {},
  OPTpages = 	 {119--128},
  OPTmonth = 	 {},
  OPTnote = 	 {},
  OPTeprint =	 {},
  OPTannote = 	 {}
}

@Article{Belov3,
  author = 	 {Radford, A.},
  title = 	 {A Guide to Dry Stone Walling},
  journal = 	 {The Growood Press Ltd.},
  year = 	 {2001},
  OPTkey = 	 {},
  OPTvolume = 	 {},
  OPTnumber = 	 {},
  OPTpages = 	 {},
  OPTmonth = 	 {},
  OPTnote = 	 {Ramsbury, Marlborrough, Wiltshire},
  OPTeprint =	 {},
  OPTannote = 	 {}
}

@Article{Belov4,
  author = 	 {Y. Estrin and A.V. Dyskin and E. Pasternak and H.C. Khor and A. J. Kanel-Belov},
  title = 	 {Topological interlocking of protective tiles for Space Shuttle},
  journal = 	 {Phil. Mag. Letters},
  year = 	 {2003},
  OPTkey = 	 {},
  OPTvolume = 	 {83},
  OPTnumber = 	 {},
  OPTpages = 	 {351--355},
  OPTmonth = 	 {},
  OPTnote = 	 {Ramsbury, Marlborrough, Wiltshire},
  OPTeprint =	 {},
  OPTannote = 	 {}
}

@Article{Belov5,
  author = 	 {Kanel-Belov, Alexei and Rowen, Louis Halle},
  title = 	 {Combinatorial aspects in polynomial identities},
  journal = 	 {Research Notes in Mathematics},
  year = 	 {2005},
  note = 	 {A K Peters, Ltd., Wellesley, MA}
}

@Article{Belov6,
  author = 	 {Belov, A. and Borisenko, V. and Latyshev, V.},
  title = 	 {Monomial algebras},
  journal = 	 {J.Math.Sci.},
  year = 	 {1997},
  volume = 	 {87},
  number = 	 {3},
  pages = 	 {3463--3575}
}

@Article{Belov7,
  author = 	 {Fedorov, R.M and Kanel-Belov, A. J. and Kovaldji, A. K. and Yashenko I.V.},
  title = 	 {Moscow Mathematical Olympiads},
  journal = 	 {Moscow MCCME},
  year = 	 {2006}
}

@Article{Belov8,
  author = 	 {Belov, A.J. and Kovaldji, A. K.},
  title = 	 {How non-standard problems can be solved},
  journal = 	 {Moscow Mathematical Olympiad},
  year = 	 {1997}
}

@Article{Belov9,
  author = 	 {Belov, A. J.},
  title = 	 {Selected problems of Moscow mathematical olympiads of 80--90 years.},
  journal = 	 {62 Moscow Mathematical Olympiad. Preparing problems. (Chapter 2)},
  year = 	 {1999}
}

@Article{Belov10,
  author = 	 {Belov, A. J. and Kovaldji A. K.},
  title = 	 {Moscow mathematical Olympiads after 60 years.},
  journal = 	 {Application to ''Kvant''},
  year = 	 {1995}
}
