@Article{Penkov1key,
     author    = {E. Dan-Cohen and I. Penkov and N. Snyder} ,
     title     = {Cartan subalgebras of root-reductive {L}ie algebras},
     journal   = {Journal of Algebra},
     volume    = {308},
     number     = {2},
     pages     = {583--611},
     year      = {2007}
}
@Article{Penkov2key,
     author    = {I. Penkov and A. Tikhomirov},
     title     = {Rank 2 vector bundles on ind-grassmanians},
     journal   = {Manin Festschrift Birkh\"{a}user},
     volume    = {to appear},
     year      = {2007}
}

