
@article{Boetius1,
   Author = {de Beer, D. and Sauter, E. and Niemann, H. and Witte, U. and Boetius, A.},
   Title = "{\textit{In situ} fluxes and zonation of microbial activity in surface sediments of the Håkon Mosby Mud Volcano}",
   Journal = {Limnology and Oceanography},
   Volume = {51},
   Pages = {1315-1331},
   Note = {},
   Year = {2006}
   }



@article{Boetius2,
   Author = "{E.J. Sauter and S.I. Muyakshin and J.-L. Charlou and M. Schlüter and A. Boetius and K. Jerosch and E. Damm and J.-P. Foucher and M. Klages}",
   Title = "{Methane discharge from a deep-sea submarine mud volcano into the upper water column by gas hydrate-coated methane bubbles}",
   Journal = {Earth and Planetary Science Letters},
   Volume = {243},
   Pages = {354-365},
   Note = {},
   Year = {2006}
   }


@article{Boetius3,
   Author = {Inagaki, F. and Kuypers, M.M. and Tsunogai, U. and Ishibashi, J. and Nakamura, K. and Treude, T. and Ohkubo, S. and Nakaseama, M. and Gena, K. and Chiba, H. and Hirayama, H. and Nunoura, T. and Takai, K. and Jørgensen, B.B. and Horikoshi, K. and Boetius, A.},
   Title = "{Microbial community in a sediment-hosted $\mbox{CO}_{\mbox{{\footnotesize 2}}}$ lake of the southern Okinawa Trough hydrothermal system}",
   Journal = {PNAS},
   Volume = {103},
   Pages = {13899-13900},
   Note = {},
   Year = {2006}
   }

@article{Boetius4,
   Author = {Niemann, H. and Duarte, J. and Hensen, C. and Omoregie, E. and Magalhães, V.H. and Elvert, M. and Pinheiro, L and Kopf, A. and Boetius, A.},
   Title = "{Microbial methane turnover at mud volcanoes of the Gulf of Cadiz}",
   Journal = {Geochemica Cosmochemica Acta},
   Volume = {70},
   Pages = {5336-5335},
   Note = {},
   Year = {2006}
   }

@article{Boetius5,
   Author = {Niemann, H. and Lösekann, T. and de Beer, D. and Elvert, M. and Nadalig, T. and Knittel, K. and Amann, R. and Sauter, E.J. and Schlüter, M. and Klages, M. and Foucher, J.P. and Boetius, A.},
   Title = "{Novel microbial communities of the Haakon Mosby mud volcano and their role as methane sink}",
   Journal = {Nature},
   Volume = {443},
   Pages = {854-858},
   Note = {},
   Year = {2006}
   }

@article{Boetius6,
   Author = {Nauhaus, K. and Albrecht, M. and Elvert, M. and Boetius, A. and Widdel, F.},
   Title = "{\textit{In Vitro} cell growth of marine archaeal-bacterial consortia by anaerobic oxidation of methane with sulphate}",
   Journal = {Environmental Microbiology},
   Volume = {},
   Pages = {doi:10.1111/j.1462-2920.2006.01127.x},
   Note = {in press},
   Year = {2006}
   }


@incollection{Boetius7,
   Author = {Boetius, A.},
   Title = "{Mikroorganismen des Meeresbodens}",
   BookTitle = "{Faszination Meeresforschung. Ein Lesebuch}",
   Editor = {G. Hempel and I. Hempel and S. Schiel},
   Publisher = {Hauschild Verlag},
   Address = {Bremen},
   Volume = {},
   Pages = {464},
 	 Year = {2006} 
 	 }