
@ARTICLE{vogt:jgr-zieger-etal-2006,
   author = {{Zieger}, B. and {Vogt}, J. and {Glassmeier}, K.-H.},
    title = "{Scaling relations in the paleomagnetosphere derived from MHD simulations}",
  journal = {J. Geophys. Res.},
     year = {2006},
    month = {jun},
   volume = {111},
    pages = {A06203 (14 pp.)},
      doi = {10.1029/2005JA011531}
}

@ARTICLE{vogt:asr-zieger-etal-2006,
   author = {{Zieger}, B. and {Vogt}, J. and Ridley, A.~J. and {Glassmeier}, K.-H.},
    title = "{A parametric study of magnetosphere-ionosphere coupling in the paleomagnetosphere}",
  journal = {Adv. Space Res.},
     year = {2006},
   volume = {38},
    pages = {1707-1712},
      doi = {10.1016/j.asr.2005.04.077}
}

@InProceedings{vogt:terra-nostra-vogt-etal-2006,
  author = 	 {{Vogt}, J. and {Zieger}, B. and {Glassmeier}, K.-H.
                  and Stadelmann, A.},
  title = 	 {Scaling the magnetosphere in space and time},
  booktitle = {Terra Nostra},
  year = 	 {2006},
  pages = 	 {94-105},
  publisher = {Alfred-Wegener-Stiftung}
}


