@Book{kaimanovich1,  editor =    {V. A. Kaimanovich and A. A. Lodkin},  title =    {Representation Theory, Dynamical Systems, and Asymptoic Combinatorics},  publisher =    {American Mathematical Society},  year =     {2006}}@Unpublished{Kaimanovich2,  author =   {P. Freitas and V. A. Kaimanovich},  title =    {Compactifications of symmetric spaces},  note =     {Preprint}}@Unpublished{Kaimanovich3,  author =   {V. A. Kaimanovich and V. Le Prince},  title =    {Singularity of the harmonic measure on matrix groups},  note =     {Preprint}}