@Article{Pal06,
  author = 	 {S. ~Pal and G. ~Milano and D. ~Roccatano},
  title = 	 {Theoretical study of polyethylenoxide/dimyristoylphospatidylcholine bilayer interaction.},
  journal = 	 {J. Phys. Chem. B.},
  year = 	 {2006},
  OPTkey = 	 {},
  volume = 	 {in press},
  OPTnumber = 	 {},
  OPTpages = 	 {},
  OPTmonth = 	 {},
  OPTnote = 	 {},
  OPTannote = 	 {}
}


@Article{Roccatano06a,
  author = 	 {D. Roccatano and  T. S. Wong and  U. Schwaneberg and M. Zacharias},
  title = 	 {Mechanism of inactivation of monooxygenase P450 {BM}-3 by dimethylsulphoxide: insights from molecular dynamics simulations},
  journal = 	 {Biopolymers},
  year = 	 {2006},
  OPTkey = 	 {},
  volume = 	 {83},
  OPTnumber = 	 {},
  pages = 	 {467-476},
  OPTmonth = 	 {},
  OPTnote = 	 {},
  OPTannote = 	 {}
}

@InBook{Roccatano06b,
  author = 	 {D. Roccatano},
  editor = 	 {A. V Zvelindovsky},
  title = 	 {Nanostructured Soft Matter: Experiment, Theory, Simulation and Perspectives},
  chapter = 	 {Theoretical Study of Nanostructured Biopolymers using Molecular Dynamics Simulations: a Practical Introduction},
  publisher = 	 {Springer monograph.},
  year = 	 {},
  OPTkey = 	 {},
  volume = 	 {in press},
  OPTnumber = 	 {},
  OPTseries = 	 {},
  OPTtype = 	 {},
  OPTaddress = 	 {},
  OPTedition = 	 {},
  OPTmonth = 	 {},
  OPTpages = 	 {},
  OPTnote = 	 {},
  OPTannote = 	 {}
}

@Article{Sahoo06,
  author = 	 {H. Sahoo and D. Roccatano and  M. Zacharias and  W. M. Nau},
  title = 	 {Distance Distributions of Short Polypeptides Recovered by Fluorescence Resonance Energy Transfer in the 10 \AA Domain.},
  journal = 	 {J. Am. Chem. Soc.},
  year = 	 {2006},
  OPTkey = 	 {},
  volume = 	 {128},
  number = 	 {25},
  pages = 	 {8118-8119},
  OPTmonth = 	 {},
  OPTnote = 	 {},
  OPTannote = 	 {}
}

@Article{Schenk06,
  author = 	 {A. Schenk and T. S. Wong and D. Roccatano and  B. Hauer and  U. Schwaneberg},
  title = 	 {SeSaM (Sequence Saturation Mutagenesis): Eine Methode zur S{\"a}ttigungsmutagenese eines Genes},
  journal = 	 {Biospectrum},
  year = 	 {2006},
  OPTkey = 	 {},
  volume = 	 {3},
  OPTnumber = 	 {},
  pages = 	 {1-3},
  OPTmonth = 	 {},
  OPTnote = 	 {},
  OPTannote = 	 {}
}

@Article{Wong06,
  author = 	 {T. S. Wong and D. Roccatano and M. Zacharias and  U. Schwaneberg},
  title = 	 {A statistical analysis of current random mutagenesis methods for directed protein evolution.},
  journal = 	 {J. Mol. Biol.},
  year = 	 {2006},
  OPTkey = 	 {},
  volume = 	 {355},
  OPTnumber = 	 {},
  pages = 	 {858-871},
  OPTmonth = 	 {},
  OPTnote = 	 {},
  OPTannote = 	 {}
}
@Article{Wong06b,
  author = 	 {T. S. Wong and D. Roccatano and U.  Schwaneberg},
  title = 	 {Genetic code.s challenges for exploring sequence space in directed protein evolution},
  journal = 	 {Biocatalysis and Biotransformation},
  year = 	 {2006},
  OPTkey = 	 {},
  volume = 	 {in press},
  OPTnumber = 	 {},
  pages = 	 {},
  OPTmonth = 	 {},
  OPTnote = 	 {},
  OPTannote = 	 {}
}

