This file was created with JabRef 2.2b2.
Encoding: Cp1252

@ARTICLE{2Godde1,
  author = {B. Godde},
  title = {{D}ie {S}icht der {N}eurowissenschaften auf das {L}ernen {E}rwachsener},
  journal = {Education Permanente},
  year = {2006},
  volume = {2},
  pages = {18-19}
}

@ARTICLE{2Karim1,
  author = {Karim, A. A. and Li-Hegner, Y. and Schneider, M. and Godde, B.},
  title = {Neuroplasticity and operant perceptual learning},
  journal = {FENS Abstr.},
  year = {2006},
  volume = {3},
  note = {A018.18}
}

@ARTICLE{2Karim2,
  author = {Karim, A. A. and Schueler, A. and Li Hegner, Y. and Friedel, E. and
	Godde, B.},
  title = {Facilitating effect of 15 {H}z repetitive transcranial magnetic stimulation
	(r{TMS}) on tactile perceptual learning},
  journal = {J Cogn Neuroscience},
  year = {2006},
  volume = {18},
  pages = {1577-1585}
}

@ARTICLE{2Lange1,
  author = {Lange, R. K. and Braun, C. and Godde, B.},
  title = {{EEG}-correlates of intermanual transfer from the nondominant left
	towards the right {H}and},
  journal = {Exp Brain Res},
  year = {2006},
  volume = {168(4)},
  pages = {547-556}
}

@ARTICLE{2Voelcker-Rehage1,
  author = {Voelcker-Rehage, C. and Alberts, J. L.},
  title = {Effect of motor practice on dual-task performance in older adults},
  journal = {Journal of Gerontology: Psychological Sciences},
  year = {in press}
}

@ARTICLE{2Voelcker-Rehage2,
  author = {Voelcker-Rehage, C. and Knop, A. F. and Babanin, M. and Godde, B.},
  title = {The impact of high frequency tactile stimulation on sensory and motor
	performance},
  journal = {Society for Neuroscience Abstracts},
  year = {2006},
  note = {655:6}
}

@ARTICLE{2Voelcker-Rehage3,
  author = {Voelcker-Rehage, C. and Stronge, A. J. and Alberts, J. L.},
  title = {Age-related differences in working memory and force control under
	dual-task conditions},
  journal = {Aging, Neuropsychology, and Cognition},
  year = {2006},
  volume = {13},
  pages = {366-384}
}

