This file was created with JabRef 2.2b2.
Encoding: Cp1252

@ARTICLE{Rossnagel2006,
  author = {Ro{\ss}nagel, C. and Hertel, G.},
  title = {{A}ltersbedingte {U}nterschiede in {I}nhalten und im {Z}ustandekommen
	von {A}rbeitsmotivation und {A}rbeitszufriedenheit},
  journal = {Zeitschrift f{\"u}r Arbeitswissenschaft},
  year = {2006},
  volume = {60},
  pages = {181-186},
  owner = {Adrian},
  timestamp = {2006.12.17}
}

@comment{jabref-meta: selector_journal:}

@comment{jabref-meta: selector_author:}

@comment{jabref-meta: selector_keywords:}

@comment{jabref-meta: selector_publisher:}

