@article{Wagner06-1,
author ={J. Geurts and U. Bass and S. Mahapatra and K. Brunner and T. Muck and V. Wagner},
title ={Vibration modes and interface abruptness of {CdSe} Quantum Dots, embedded either in Bete or Znse},
journal ={Journal de Physique IV},
year ={2006},
keys ={dots},
pages ={307-310},
volume ={132}
}
@article{Wagner06-2,
author ={D. Knipp and T. Muck and A. Benor and V. Wagner},
title ={Environmental stability and electronic transport of pentacene thin ?lm transistors},
journal ={Journal of Non-Crystalline Solids},
year ={2006},
keys ={pentacene},
number ={},
pages ={1774-1777},
volume ={352}
}
@inproceedings{wagner06-3,
author ={V. Wagner and P. W\"obkenberg and A. Hoppe and J. Seekamp},
title ={{MHz} organic field effect transistors},
booktitle ={Proceedings of Organic Electronic Conf. 2006, Frankfurt, Germany 25.-27.Sep.2006},
year ={2006},
pages ={P010402.1-4}
}
@article{Wagner06-4,
author ={V. Wagner and P. W\"obkenberg and A. Hoppe and J. Seekamp},
title ={{MHz} Operation of Organic Field-effect Transistors based on {P3HT}},
journal ={Appl. Phys. Lett.},
year ={2006},
keys ={MHz},
number ={},
pages ={in press},
volume ={90}
}
 
@Article{Wagner06-5,
  author = 	 {A. Benor and V. Wagner and D. Knipp},
  title = 	 {Micro
  contact printing and selective surface dewetting for large area
  electronic applications},
  journal = 	 {Thin Solid Films},
  year = 	 {2006},
  note = {in print}
}


@Article{Wagner06-6,
  author = 	 {D. Knipp and A. Benor and V> Wagner and T. Muck},
  title = 	 {Influence of impurities and structural propeties on the device
  stability of pentacene thin film transistors},
  journal = 	 {J. Apply. Phys.},
  year = 	 {2006},
  note = 	 {in print}
}

