@article{profkleinekathoeferwela05a, 
author= {S. Welack and M. Schreiber and U. Kleinekath\"ofer},
journal= {J. Chem. Phys.}, 
volume="124", pages="044712-1--9"       , year= "2006", 
title="The influence of ultra-fast
 laser pulses on electron transfer in molecular wires studied by a
 non-\mbox{Markovian} density matrix approach"}

@article{profkleinekathoeferschr05a,
 author={M. Schr\"oder and U. Kleinekath\"ofer and M. Schreiber},
journal= {J. Chem. Phys.}, 
volume= "124" , pages="084903--1-14" , year="2006",
title="Calculation of absorption
spectra for light-harvesting systems using non-\mbox{Markovian} approaches 
as well as modified \mbox{Redfield} theory"} 


@article{profkleinekathoeferwela05b, 
author= {S. Welack  and U. Kleinekath\"ofer and M. Schreiber},
journal= {J. Lumin.}, 
volume="119 \& 120", pages="91--95"       , year= "2006", 
title="Laser-driven molecular wires studied by a non-\mbox{Markovian} density matrix
approach"}

@article{profkleinekathoeferklei06a, 
author= {U. Kleinekath\"ofer and  G.-Q. Li  and  M. Schreiber},
journal= {J. Lumin.}, 
volume=" 119 \& 120", pages="462--467"       , year= "2006", 
title="Density matrix theory for reductive electron transfer in \mbox{DNA}"}

@article{profkleinekathoeferklei06b, 
author= {U. Kleinekath\"ofer and  G.-Q. Li  and S. Welack and  M. Schreiber},
journal= {Europhys. Lett.}, 
volume="75", pages="139--145", year= "2006", 
title="Switching the current through model molecular wires with \mbox{Gaussian} laser pulses"}

@article{profkleinekathoeferklei06c, 
author= {U. Kleinekath\"ofer and  G.-Q. Li  and S. Welack and  M. Schreiber},
journal= "phys.\ stat.\ sol.~(b)", 
volume="243", pages="3775--3781", year= "2006", 
title="Coherent destruction of the current through molecular wires using
    short laser pulses"}



