@Unpublished{BAILAN,
  author = 	 {S. Baier},
  title = 	 {The {L}ang-{T}rotter conjecture on average},
  note = 	 {submitted for publication},
  eprint = {math.NT/0609095},
  year = 	 {2006}
}

@Unpublished{BAZO,
  author = 	 {S. Baier and L. Zhao},
  title = 	 {Primes in quadratic progressions on average},
  note = 	 {submitted for publication},
  eprint = {math.NT/0605563},
  year = 	 {2006}
}

@Unpublished{BAZO2,
  author = 	 {S. Baier, L. Zhao},
  title = 	 {The {S}ato-{T}ate conjecture for small angles on average},
  note = 	 {submitted for publication},
  eprint = {math.NT/0608318},
  year = 	 {2006}
}

