@Article{Schupp:2006ry,
     author    = "Schupp, P.",
     title     = "Noncommutative field theory",
     journal   = "Fortsch. Phys.",
     volume    = "54",
     year      = "2006",
     pages     = "165-174",
     SLACcitation  = "%%CITATION = FPYKA,54,165;%%"
}

@Article{Helling:2006xh,
     author    = "Helling, R. C. and Schupp, P. and Tesileanu, T.
                  ",
     title     = "{CMB} statistical anisotropy, multipole vectors and the
                  influence of the dipole",
     journal   = "Phys. Rev.",
     volume    = "D74",
     year      = "2006",
     pages     = "063004",
     eprint    = "astro-ph/0603594",
     SLACcitation  = "%%CITATION = ASTRO-PH 0603594;%%"
}

@Article{Aschieri:2005yw,
     author    = "Aschieri, P. and Blohmann, C. and Dimitrijevic, M. and Meyer, F. and Schupp, P. and Wess, J.",
     title     = "A gravity theory on noncommutative spaces",
     journal   = "Class. Quant. Grav.",
     volume    = "22",
     year      = "2005",
     pages     = "3511-3532",
     eprint    = "hep-th/0504183",
     SLACcitation  = "%%CITATION = HEP-TH 0504183;%%"
}

@Article{Helling:2006yn,
     author    = "Helling, R. C.",
     title     = "Lessons from the {LQG} string",
     year      = "2006",
     eprint    = "hep-th/0610193",
     SLACcitation  = "%%CITATION = HEP-TH 0610193;%%"
}

@Article{Solodukhin:2006ic,
     author    = "Solodukhin, S. N.",
     title     = "Entanglement entropy and the {R}icci flow",
     year      = "2006",
     eprint    = "hep-th/0609045",
     SLACcitation  = "%%CITATION = HEP-TH 0609045;%%"
}

@Article{Solodukhin:2006xv,
     author    = "Solodukhin, S. N.",
     title     = "Entanglement entropy of black holes and {AdS/CFT}
                  correspondence",
     year      = "2006",
     eprint    = "hep-th/0606205",
     SLACcitation  = "%%CITATION = HEP-TH 0606205;%%"
}

@Article{Solodukhin:2005ns,
     author    = "Solodukhin, S. N.",
     title     = "Holographic description of gravitational anomalies",
     journal   = "JHEP",
     volume    = "07",
     year      = "2006",
     pages     = "003",
     eprint    = "hep-th/0512216",
     SLACcitation  = "%%CITATION = HEP-TH 0512216;%%"
}

@Article{Solodukhin:2005ah,
     author    = "Solodukhin, S. N.",
     title     = "Holography with gravitational {Chern-Simons}",
     journal   = "Phys. Rev.",
     volume    = "D74",
     year      = "2006",
     pages     = "024015",
     eprint    = "hep-th/0509148",
     SLACcitation  = "%%CITATION = HEP-TH 0509148;%%"
}

@Article{Blohmann:2006uj,
     author    = "Blohmann, C. and Tang, X. and Weinstein, A.",
     title     = "Hopfish structure and modules over irrational rotation
                  algebras",
     year      = "2006",
     eprint    = "math.qa/0604405",
     SLACcitation  = "%%CITATION = MATH.QA 0604405;%%"
}

@Article{Bachmaier:2005jw,
     author    = "Bachmaier, F. and Blohmann, C.",
     title     = "Separation of noncommutative differential calculus on
                  quantum {M}inkowski space",
     journal   = "J. Math. Phys.",
     volume    = "47",
     year      = "2006",
     pages     = "023501",
     eprint    = "math.qa/0506249",
     SLACcitation  = "%%CITATION = MATH.QA 0506249;%%"
}
