@article{Gloeckner1,
   Author = {Bauer, M. and Kube, M. and Teeling, H. and Richter, M. and Lombardot, T. and Allers, E. and Würdemann, C.A. and Quast, C. and Kuhl, H. and Knaust, F. and Wöbken, D. and Bischof, K. and Mussmann, M. and Choudhuri, J.V. and Meyer, F. and Reinhardt, R. and Amann, R.I. and Glöckner, F.O.},
   Title = {Genome adaptations of the marine Bacteroidetes ``Gramella forsetii'' for polymeric organic matter degradation},
   Journal = {Environmental Microbiology},
   Note = {doi: 10.1111/j.1462-2920.2006.01152.x},
 	 Year = {2006} 
 	 }



@article{Gloeckner2,
   Author = {Zaunmüller, T. and Kelly, D.J. and Glöckner, F.O. and Unden, G.},
   Title = {Succinate dehydrogenase functioning by a reverse redox loop mechanism and fumarate reductase in sulphate-reducing bacteria},
   Journal = {Microbiology-Sgm},
   Volume = {152},
   Pages = {2443-2453},
   Note = {},
   Year = {2006}
   }



@article{Gloeckner3,
   Author = {Würdemann, C. and Peplies, J. and Schübbe, S. and Ellrott, A. and Schuler, D. and Glöckner, F.O.},
   Title = {Evaluation of gene expression analysis using {RNA}-targeted partial genome arrays},
   Journal = {Systematic and Applied Microbiology},
   Volume = {29},
   Number = {5},
   Pages = {349-357},
   Note = {},
   Year = {2006} 
   }



@article{Gloeckner4,
   Author = {Woyke, T. and Teeling, H. and Ivanova, N.N. and Huntemann, M. and Richter, M. and Glöckner, F.O. and Boffelli, D. and Anderson, I.J. and Barry, K.W. and Shapiro, H.J. and Szeto, E. and Kyrpides, N.C. and Mussmann, M. and Amann, R. and Bergin, C. and Ruehland, C. and Rubin, E.M. and Dubilier, N.},
   Title = {Symbiosis insights through metagenomic analysis of a microbial consortium},
   Journal = {Nature},
   Volume = {443},
   Number = {7114},
   Pages = {950-955},
   Note = {},
   Year = {2006} 
   }



@article{Gloeckner5,
   Author = {Teeling, H. and Glöckner, F.O.},
   Title = {{RibAlign}: a software tool and database for eubacterial phylogeny based on concatenated ribosomal protein subunits},
   Journal = {BMC Bioinformatics},
   Volume = {7},
   Note = {},
   Year = {2006}
   }



@article{Gloeckner6,
   Author = {Schübbe, S. and Würdemann, C. and Peplies, J. and Heyen, U. and Wawer, C. and Glöckner, F.O. and Schüler, D.},
   Title = {Transcriptional organization and regulation of magnetosome operons in \textit{Magnetospirillum gryphiswaldense}},
   Journal = {Applied and Environmental Microbiology},
   Volume = {72},
   Number = {9},
   Pages = {5757-5765},
   Note = {},
   Year = {2006}
   }



@article{Gloeckner7,
   Author = {Peplies, J. and Lachmund, C. and Glöckner, F.O. and Manz, W.},
   Title = {A {DNA} microarray platform based on direct detection of {rRNA} for characterization of freshwater sediment-related prokaryotic communities},
   Journal = {Applied and Environmental Microbiology},
   Volume = {72},
   Number = {7},
   Pages = {4829-4838},
   Note = {},
   Year = {2006}
   }



@article{Gloeckner8,
   Author = {Lombardot, T. and Kottmann, R. and Pfeffer, H. and Richter, M. and Teeling, H. and Quast, C. and Glöckner, F.O.},
   Title = {Megx.net - database resource for marine ecological genomics},
   Journal = {Nucleic Acids Research},
   Volume = {34},
   Pages = {D390-D393},
 	 Year = {2006}
 	 }



@article{Gloeckner9,
   Author = {Glöckner, F.O.},
   Title = {{Umweltgenomik: Schlüssel zum Verständnis mariner mikrobieller Diversität und Funktion}},
   Journal = {Jahrbuch der Max Planck Gesellschaft},
 Year = {2006} 
 }




@incollection{Gloeckner10,
   Author = {Glöckner, F.O. and Meyerdierks, A.},
   Title = {{Metagenome Analysis}},
   BookTitle = {{Molecular Identification, Systematics, and Population Structure of Prokaryotes}},
   Editor = {Stackebrandt, E.},
   Publisher = {Springer-Verlag},
   Address = {Heidelberg},
 	 Year = {2006} 
 	 }



@incollection{Gloeckner11,
   Author = {Anton, J. and Pena, A. and Santos, M.V.F. and Glöckner, F.O. and Bauer, M. and Dopazo, J. and Herrero, J. and Rossello-Mora, R. and Amann, R.},
   Title = {Salinibacter ruber: Genomics and Biogeography},
   BookTitle = {Adaptation to life in high salt concentrations in Archaea, Bacteria and Eukarya. Cellular Origins, Life in Extreme Habitats and Astrobiology ({COLE})},
   Editor = {Gunde-Cimerman, N. and Plemenitas, A. and Oren, A.},
   Publisher = {Kluwer Academic Publishers},
   Address = {Dordrecht, Netherlands},
   Volume = {9},
   Pages = {257-266},
 	 Year = {2006} 
 	 }



@article{Gloeckner12,
   Author = {Borriss, M. and Lombardot, T. and Glöckner, F.O. and Becher, D. and Albrecht, D. and Schweder, T.},
   Title = {Genome and proteome characterization of the psychrophilic Flavobacterium bacteriophage 11b},
   Journal = {Extremophiles},
   Pages = {doi: 10.1007/s00792-006-0014-5},
 	 Year = {2006}
 	 }



