@Article{Bau1,
  author = 	 {M. Bau and B. Alexander},
  title = 	 {Preservation of primary {REE} patterns without Ce anomaly during dolomitization of Mid-Paleoproterozoic limestone and the potential re-establishment of marine anoxia immediately after the ``Great Oxidation Event''},
  journal = 	 {S. Afr. J. Geol.},
  year = 	 {2006},
  volume = 	 {109},
  pages = 	 {81--86}
}

@Article{Bau2,
  author = 	 {M. Bau and A. Knappe and  P. Dulski},
  title = 	 {Anthropogenic gadolinium as a micropollutant in river waters in Pennsylvania and in Lake Erie, northeastern United States},
  journal = 	 {Chem. Erde --- Geochemistry},
  year = 	 {2006},
  volume = 	 {66},
  pages = 	 {143--152}
 }

@Article{Bau3,
  author = 	 {M. Bau and A. Koschinsky},
  title = 	 {Hafnium and neodymium isotopes in seawater and ferromanganese crusts: the "element perspective''},
  journal = 	 {Earth Planet. Sci. Lett.},
  year = 	 {2006},
  volume = 	 {241},
  pages = 	 {952--961}
}

