@Article{Meyer-Rochow1,
  author = 	 {Räsänen, S. and Hakko, H. and Viilo, K. and Meyer-Rochow, V.B. and Moring, J.},
  title = 	 "{Avoidable mortality among long-stay psychiatric patients}",
  journal = 	 {Nordic Journal of Psychiatry},
  year = 	 		{2006},
  key = 	 {},
  volume = 	 {59},
  number = 	 {},
  pages = 	 {103-109},
  month = 	 {},
  note = 	 {},
  eprint =	 {},
  annote = 	 {}
}

@Article{Meyer-Rochow2,
  author = 	 {Zhukov, V.V. and Borissenko, S.L. and Zieger, M.V. and Vakoliuk, I.A. and Meyer-Rochow, V.B.},
  title = 	 "{The eye of the freshwater prosobranch gastropod \textit{Viviparus viviparus}: ultrastructure, electrophysiology and behaviour}",
  journal = 	 {Acta Zoologica (Stockholm)},
  year = 	 {2006},
  key = 	 {},
  volume = 	 {87},
  number = 	 {},
  pages = 	 {13-24},
  month = 	 {},
  note = 	 {},
  eprint =	 {},
  annote = 	 {}
}


@Article{Meyer-Rochow3,
  author = 	 {Lau, T.F.S. and Meyer-Rochow, V.B.},
  title = 	 "{Sexual dimorphism in the compound eye of \textit{Rhagophthalmus ohbai} (\textit{Coleoptera; Rhagophthalmeidae}): I. Morphology and ultrastructure}",
  journal = 	 {Journal of Asia-Pacific Entomology},
  year = 	 {2006},
  key = 	 {},
  volume = 	 {9},
  number = 	 {},
  pages = 	 {19-30},
  month = 	 {},
  note = 	 {},
  eprint =	 {},
  annote = 	 {}
}


@Article{Meyer-Rochow4,
  author = 	{ Munakata, N. and
Cornain, S. and
Kanoko, M. and
Mulyadi, K. and
Lestari, S. and
Wirohadidjojo, W. and
Bolsee, D. and
Kazadzis, S. and
Meyer-Rochow, V.B. and
Schuch, N. and
Casiccia, C. and
Kaneko, M. and
Liu, C.-M. and
Jimbow, K. and
Saida, T. and
Nishigori, C. and
Ogata, K. and
Inafuku, K. and
Hieda, K. and
Ichihashi, M. },
  title = 	 "{Biological monitoring of solar UV-radiation at 17 sites in Asia, Europe and South America from 1999 to 2004}",
  journal = 	 {Photochem. Photobiol.},
  year = 	 {2006},
  key = 	 {},
  volume = 	 {82},
  number = 	 {},
  pages = 	 {689-694},
  month = 	 {},
  note = 	 {},
  eprint =	 {},
  annote = 	 {}
}

% Achtung!!
@Article{Meyer-Rochow5,
  author = 	 {Meyer-Rochow, V.B. and Gal, J.},
  title = 	 "{A Polar Biology Publication that prevailed: forces at work when penguins poo}",
  journal = 	 {Polar Biology},
  year = 	 {2006},
  key = 	 {},
  volume = 	 {29},
  number = 	 {},
  pages = 	 {541-542},
  month = 	 {},
  note = 	 {},
  eprint =	 {},
  annote = 	 {}
}

@Article{Meyer-Rochow6,
  author = 	 {Meyer-Rochow, V.B. and Müller, C.H.G. and Lindstrom, M.},
  title = 	 "{Spectral sensitivity of the eye of \textit{Scutigera coleoptrata} (Linnaeus, 1758) (\textit{Chilopoda}; \textit{Scutigeromorpha}; \textit{Scutigeridae})}",
  journal = 	 {Appl. Entomol. Zool.},
  year = 	 {2006},
  key = 	 {},
  volume = 	 {41},
  number = 	 {},
  pages = 	 {117-122},
  month = 	 {},
  note = 	 {},
  eprint =	 {},
  annote = 	 {}
}

@Article{Meyer-Rochow7,
  author = 	 {Müller, C.H.G. and Meyer-Rochow, V.B.},
  title = 	 "{Fine structural description of the lateral ocellus of Craterostigmus tasmanianus Pocock, 1902 (Chilopoda; Craterostigmomorpha) and pylogenetic considerations}",
  journal = 	 {J. Morphol.},
  year = 	 {2006},
  key = 	 {},
  volume = 	 {267},
  number = 	 {},
  pages = 	 {850-865},
  month = 	 {},
  note = 	 {},
  eprint =	 {},
  annote = 	 {}
}

@Article{Meyer-Rochow8,
  author = 	 {Saramies, J. and Keinanen-Kiukaanniemi, S. and Koiranen, M. and Jokelainen, J. and Meyer-Rochow, V.B. and Timonen, M.},
  title = 	 "{Late pregnancy blood pressure in nulliparas and subsequent abnormal glucose tolerance}",
  journal = 	 {Diabetes Res. Clin. Pract.},
  year = 	 {2006},
  key = 	 {},
  volume = 	 {71},
  number = 	 {},
  pages = 	 {220-224},
  month = 	 {},
  note = 	 {},
  eprint =	 {},
  annote = 	 {}
}


@Article{Meyer-Rochow9,
  author = 	 {Liukkonen, T. and Silvenoinen-Kassinen, S. and Jokelainen, J. and Rasanen, P. and Leinonen, M. and Meyer-Rochow, V.B. and Timonen, M.},
  title = 	 "{The association between C-reactive protein levels and depression: Results from the Northern Finland 1966 Birth Cohort Study}",
  journal = 	 {Biol. Psychiatry},
  year = 	 {2006},
  key = 	 {},
  volume = 	 {60},
  number = 	 {},
  pages = 	 {825-830},
  month = 	 {},
  note = 	 {},
  eprint =	 {},
  annote = 	 {}
}


@Article{Meyer-Rochow10,
  author = 	 {Mishra, M. and Jeffs, A. and Meyer-Rochow, V.B.},
  title = 	 "{Eye structure of the phyllosoma larva of the rock lobster \textit{Jasus edwardsii} (Hutton, 1875): How does it differ from that of the adult?}",
  journal = 	 {Invert. Reprod. Dev.},
  year = 	 {2006},
  key = 	 {},
  volume = 	 {47},
  number = 	 {},
  pages = 	 {213-222},
  month = 	 {},
  note = 	 {},
  eprint =	 {},
  annote = 	 {}
}

@Article{Meyer-Rochow11,
  author = 	 {Mishra, M. and Meyer-Rochow, V.B.},
  title = 	 "{Fine structure of the compound eye of the fungus beetle \textit{Neotriplax lewisi} (Coleoptera, Cucujiformia, Erotylidae)}",
  journal = 	 {Invertebrate Biol.},
  year = 	 {2006},
  key = 	 {},
  volume = 	 {125},
  number = 	 {},
  pages = 	 {265-278},
  month = 	 {},
  note = 	 {},
  eprint =	 {},
  annote = 	 {}
}



@Article{Meyer-Rochow12,
  author = 	 {Gal, J. and Miyazaki, T. and Meyer-Rochow, V.B.},
  title = 	 "{Computational determination of the refractive index distribution in the crystalline cones of the compound eye of Antarctic krill (\textit{Euphausia superba})}",
  journal = 	 {J. Theoret. Biol.},
  year = 	 {2006},
  key = 	 {},
  volume = 	 {243},
  number = 	 {},
  pages = 	 {318-325},
  month = 	 {},
  note = 	 {},
  eprint =	 {},
  annote = 	 {}
}

@Article{Meyer-Rochow13,
  author = 	 {Koponen, H.J. and Viilo, K. and Hakko, H. and Timonen, M. and Meyer-Rochow, V.B. and Sarkioja, T. and Rasanen, P.},
  title = 	 "{Rates and previous disease history in old age suicide}",
  journal = 	 {Int. J. Geriatr. Psychiatry},
  year = 	 {2006},
  key = 	 {},
  volume = 	 {21},
  number = 	 {},
  pages = 	 {1-9},
  month = 	 {},
  note = 	 {},
  eprint =	 {},
  annote = 	 {}
}

@Article{Meyer-Rochow14,
  author = 	 {Timonen, M. and Rajala, U. and Jokelainen, J. and Keinanen-Kiukaanniemi, S. and Meyer-Rochow, V.B. and Rasanen, P.},
  title = 	 "{Depressive symptoms and insulin resistance in young adult males: Results from the Northern Finland 1966 Birth Cohort}",
  journal = 	 {Molec. Psychiatry},
  year = 	 {2006},
  key = 	 {},
  volume = 	 {10},
  number = 	 {},
  pages = 	 {929-933},
  month = 	 {},
  note = 	 {},
  eprint =	 {},
  annote = 	 {}
}

% Achtung !
@Article{Meyer-Rochow15,
  author = 	 {Mikkola, I. and Keinanen-Kiukaanniemi, S. and Laakso, M. and Jokelainen, J. and Harkonen, P. and Meyer-Rochow, V.B. and Juuti, A.K. and Peitso, A. and Timonen, M.},
  title = 	 "{Metabolic syndrome in connection with BMI in young Finnish male adults}",
  journal = 	 {Diabetes Res. Clin. Pract. },
  year = 	 {2006},
  key = 	 {},
  volume = 	 {71},
  number = 	 {},
  pages = 	 {},
  month = 	 {},
  note = 	 {in press},
  eprint =	 {},
  annote = 	 {}
}


@Article{Meyer-Rochow16,
  author = 	 {Meyer-Rochow, V.B.},
  title = 	 "{Melanopsin in lower vertebrates: the race is on to show that it really is there}",
  journal = 	 {Neuroembryology and Aging},
  year = 	 {2006},
  key = 	 {},
  volume = 	 {},
  number = 	 {},
  pages = 	 {},
  month = 	 {},
  note = 	 {in press},
  eprint =	 {},
  annote = 	 {}
}


@Article{Meyer-Rochow17,
  author = 	 {Meyer-Rochow, V.B.},
  title = 	 "{Glowworms: A Review of \textit{Arachnocampa} spp. and Kin}",
  journal = 	 {Bioluminescence},
  year = 	 {2006},
  key = 	 {},
  volume = 	 {},
  number = 	 {},
  pages = 	 {},
  month = 	 {},
  note = 	 {in press},
  eprint =	 {},
  annote = 	 {}
}

% Achtung !
@Article{Meyer-Rochow18,
  author = 	 {Maciel, F.E. and Geihs, M.A. and Vargas, M.A. and Cruz, B.P. and Ramos, B.P. and Vakkuri, O. and Meyer-Rochow, V.B. and Allodi, S. and Nery, L.E.M.},
  title = 	 "{Daily variation of melatonin content in the optic lobes of the crab \textit{Chasmagnathus granulatus}}",
  journal = 	 {Comp. Biochem. Physiol. A (Molec. \& Integrat. Physiol.)},
  year = 	 {2006},
  key = 	 {},
  volume = 	 {},
  number = 	 {},
  pages = 	 {},
  month = 	 {},
  note = 	 {in press},
  eprint =	 {},
  annote = 	 {}
}

@Article{Meyer-Rochow19,
  author = 	 {Müller, C.H.G. and Meyer-Rochow, V.B.},
   title = 	 "{Fine-structural organization of the lateral ocelli in two species of \textit{Scolopendra} (\textit{Chilopoda}: \textit{Pleurostigmophora}): an evolutionary evaluation}",
   journal = 	 {Zoomorphology},
   volume = 	 {125},
   pages = 	 {13 - 26},
   year = 	 {2006}
    }
    
@Article{Meyer-Rochow20,
   author = 	 { Fu, X. and Ohba, N.  and Meyer-Rochow, V.B. and Wang, Y. and Lei, C.-H.},
   title = 	 "{Reflex-bleeding in the firefly \textit{Pyrocaelia pectoralis} (\textit{Coleoptera}, \textit{Lampyridae}): morphological basis and possible functions}",
   journal = 	 {Coleopt. Bull.},
   volume = 	 {60}, 
   pages = 	 {207-215},  
   year = 	 {2006}
    }
    