@article{Koehler1,
   Author = {Lehtonen, K.K. and Schiedek, D. and Koehler, A. and Lang, Th. and Vuorinen, P.J. and Förlin, L. and Barsiene, J. and Pempkowiak, J. and Gercken, J.},
   Title = {{The BEEP project in the Baltic Sea: Overview of results and outline for a regional biological effects monitoring strategy}},
   Journal = {Marine Pollution Bulletin},
   Volume = {53},
   Pages = {523-537},
   Note = {},
   Year = {2006}
   }
   
   
   @article{Koehler2,
   Author = {Barsiene, J. and Lehtonen, K.K. and Koehler, A. and Broeg, K. and Vuorinen, P.J. and Lang, T. and Pempkowiak, J. and Balk, L. and Syvokiene, J. and Dedonyte, V. and Rybakovas, A. and Repecka, R. and Vuontisjärvi, H. and Kopecka, J.},
   Title = {{Biomarker responses in mussel (\textit{Mytilus edulis}) and flounder (\textit{Platichthys flesus}) in the Klaipeda-Butinge area (Baltic Sea)}},
   Journal = {Marine Pollution Bulletin},
   Volume = {53},
   Pages = {422-436},
   Note = {},
   Year = {2006}
   }
   
   
      @article{Koehler3,
   Author = {Schiedeck, D. and Broeg, K. and Barsiene, J. and Lehtonen, K.K. and Gercken, J. and Pfeifer, S. and Vuontisjärvi, H. and Vuorinen, P.J. and Koehler, A. and Balk, L. and Schneider, R.},
   Title = {{Biomarker responses and indication of contaminant effects in blue mussel (\textit{Mytilus edulis}) and eelpout (\textit{Zoarces viviparus}) from the western Baltic Sea}},
   Journal = {Marine Pollution Bulletin},
   Volume = {53},
   Pages = {387-405},
   Note = {},
   Year = {2006}
   }
   
      
      @article{Koehler4,
   Author = {Vuorinen, P.J. and Keinänen, M. and Vuontisjärvi, H. and Barsiene, J. and Broeg, K. and Förlin, L. and Gercken, J. and Kopecka, J. and Koehler, A. and Parkkonen, J. and Pempkowiak, J. and Schiedek, D. },
   Title = {{Use of bile PAH metabolites as a biomarker of pollution in fish from the Baltic Sea}},
   Journal = {Marine Pollution Bulletin},
   Volume = {53},
   Pages = {479-487},
   Note = {},
   Year = {2006}
   }
   
   
   
   