@Article{koschinsky1,
  author = 	 {M. Bau and A. Koschinsky},
  title = 	 {Hafnium and neodymium isotopes in seawater and ferromanganese crusts: the ``element'' perspective},
  journal = 	 {Earth and Planetary Science Letters},
  year = 	 {2006},
  volume = 	 {241},
  pages = 	 {952--961}
}



@Article{koschinsky2,
  author = 	 {J. R. Hein and A. Koschinsky and B. R. McIntyre},
  title = 	 {A mercury- and silver-rich ferromanganese-oxide deposit, Southern California borderland: Deposit model and environmental implications},
  journal = 	 {Economic Geology},
  year = 	 {2006},
  volume = 	 {100},
  pages = 	 {1151--1168}
}


@Article{koschinsky3,
  author = 	 {M. Frank and H. Marbler and A. Koschinsky and T. van de Flierdt and V. Klemm and M. Gutjahr and A. N. Halliday and P. W. Kubik and P. Halbach},
  title = 	 {Submarine hydrothermal venting related to volcanism in the Lesser Antilles: Evidence from ferromanganese precipitates},
  journal = 	 {Geochemistry Geophysics Geosystems},
  year = 	 {2006},
  volume = 	 {7},
  doi = 	 {10.1029/2005GC001140}
}



