
@article{Springer1,
   Author = {F. Sieker and S. Springer and M. Zacharias},
   Title = {{Comparative molecular dynamics analysis of tapasin-dependent and -independent {MHC} class {I} alleles}},
   Journal = {Protein Science},
   Volume = {},
   Pages = {},
   Note = {in press},
   Year = {2006}
   }
   
@article{Springer2,
   Author = {G.B. Sukhorukov and A.L. Rogach and M. Garstka and S. Springer and W.J. Parak and A. Munoz-Javier and O. Kreft and A. Skirtach and Y. Ramaye and R. Palankar and M. Winterhalter},
   Title = {Multifunctionalized Polymer Microcapsules: Novel Tools for Biological and Pharmacological Applications},
   Journal = {Small},
   Note = {in press},
   Year = {2006}
   }
   
@article{Springer3,
   Author = {M. Garstka and B. Borchert and M. Al-Balushi and I. Majoul and R. Duden and S. Springer},
   Title = {{Peptide-receptive {MHC} class {I} molecules cycle through the cis-Golgi in wild type cells}},
    Note = {submitted},
   Year = {2006}
   }
