@article{Lerchl1,
   Author = {Lerchl, A. and Heinzow, B.},
   Title = "{Parameter des roten Blutbildes bei Exposition durch Mobilfunkanlagen. Mitteilung der Kommission ``Methoden und Qualitätssicherung in der Umweltmedizin''}",
   Journal = {Bundesgesundheitsbl. Gesundheitsforsch. Gesundheitsschutz},
   Volume = {49},
   Pages = {833-835},
      Year = {2006}  
   }
   
   @article{Lerchl2,
   Author = {Sommer, A.M. and Bitz, A.K. and Streckert, J. and Hansen, V.W. and Lerchl, A.},
   Title = "{Lymphoma development in mice chronically exposed to UMTS -radiofrequency electromagnetic fields}",
   Journal = {Radiat. Res.},
   Note={in press},
   Year = {2006} 
      }


@article{Lerchl3,
   Author = {Sommer, A.M. and Bogusch, C. and Lerchl, A.},
   Title = "{Cognitive function in outbred house mice after 22 weeks of drinking oxygenated water}",
   Journal = {Physiol. Behav.},
    Note={in press},
    Year = {2006} 
    }
    
    @article{Lerchl4,
   Author = {Sommer, A.M. and Lerchl, A.},
   Title = "{50 Hz magnetic fields of 1 mT do not promote lymphoma development in AKR/J mice}",
   Journal = {Radiat. Res.},
   Volume = {165},
   Number = {3},
   Pages = {343-9},
   Note = {},
   Year = {2006} 
   }
   
   @article{Lerchl5,
   Author = {Sukhotina, I. and Streckert, J.R. and Bitz, A.K. and Hansen, V.W. and Lerchl, A.},
   Title = "{1800 MHz electromagnetic field effects on melatonin release from isolated pineal glands}",
   Journal = {J. Pineal. Res.},
   Volume = {40},
   Number = {1},
   Pages = {86-91},
   Note = {},
   Year = {2006} 
   }
   
   @article{Lerchl6,
   Author = {Tarulli, G.A. and Stanton, P.G. and Lerchl, A. and Meachem, S.J.},
   Title = "{Adult sertoli cells are not terminally differentiated in the Djungarian hamster: effect of FSH on proliferation and junction protein organization}",
   Journal = {Biol. Reprod.},
   Volume = {74},
   Number = {5},
   Pages = {798-806},
   Note = {},
   Year = {2006} 
   }






















