@Book{Müller1,
  author = 	 {Crewe, E., & Müller, M.G.},
  ALTeditor = 	 {},
  title = 	 {Rituals in parliaments. Political, anthropological and historical perspectives on Europe and the United States},
  publisher = 	 {Frankfurt am Main: Peter Lang},
  year = 	 {2006},
  OPTkey = 	 {},
  OPTvolume = 	 {},
  OPTnumber = 	 {},
  OPTseries = 	 {},
  OPTaddress = 	 {},
  OPTedition = 	 {},
  OPTmonth = 	 {},
  note = 	 {},
  OPTannote = 	 {}
}

@Book{Steffek1,
  author = 	 {Hurrelmann, A., Schneider, S., & Steffek, J.},
  ALTeditor = 	 {},
  title = 	 {Legitimacy in an age of global politics},
  publisher = 	 {Basingstoke: Palgrave Macmillan},
  year = 	 {2006},
  OPTkey = 	 {},
  OPTvolume = 	 {},
  OPTnumber = 	 {},
  OPTseries = 	 {},
  OPTaddress = 	 {},
  OPTedition = 	 {},
  OPTmonth = 	 {},
  note = 	 {in press},
  OPTannote = 	 {}
}


@Book{Kesting1,
  author = 	 {Kesting, S.},
  ALTeditor = 	 {},
  title = 	 {Transmission network access regulation in the European gas market (Freiburger Studien zur Netzökonomie, Bd. 12)},
  publisher = 	 {Baden-Baden: Nomos Verlag},
  year = 	 {2006},
  OPTkey = 	 {},
  OPTvolume = 	 {},
  OPTnumber = 	 {},
  OPTseries = 	 {},
  OPTaddress = 	 {},
  OPTedition = 	 {},
  OPTmonth = 	 {},
  note = 	 {},
  OPTannote = 	 {}
}

@Book{Ludes1,
  author = 	 {Ludes, P.},
  ALTeditor = 	 {},
  title = 	 {Hegemonias Visuais - Una Introdução},
  publisher = 	 {Salvador-Bahia: Hexis},
  year = 	 {2006},
  OPTkey = 	 {},
  OPTvolume = 	 {},
  OPTnumber = 	 {},
  OPTseries = 	 {},
  OPTaddress = 	 {},
  OPTedition = 	 {},
  OPTmonth = 	 {},
  note = 	 {in press},
  OPTannote = 	 {}
}

@Book{Pfaffenberger1,
  author = 	 {Pfaffenberger, W., & Sioshansi, F.P. (Ed.)},
  ALTeditor = 	 {},
  title = 	 {Electricity market reform: An international perspective},
  publisher = 	 {Amsterdam: Elsevier},
  year = 	 {2006},
  OPTkey = 	 {},
  OPTvolume = 	 {},
  OPTnumber = 	 {},
  OPTseries = 	 {},
  OPTaddress = 	 {},
  OPTedition = 	 {},
  OPTmonth = 	 {},
  note = 	 {},
  OPTannote = 	 {}
}

@Book{Steffek2,
  author = 	 {Steffek, J.},
  ALTeditor = 	 {},
  title = 	 {Embedded liberalism and its critics: Justifying global governance in the American century},
  publisher = 	 {New York: Palgrave Macmillan},
  year = 	 {2006},
  OPTkey = 	 {},
  OPTvolume = 	 {},
  OPTnumber = 	 {},
  OPTseries = 	 {},
  OPTaddress = 	 {},
  OPTedition = 	 {},
  OPTmonth = 	 {},
  note = 	 {},
  OPTannote = 	 {}
}

@Book{Steffek3,
  author = 	 {Steffek, J., Kissling, C., & Nanz, P. (Eds.)},
  ALTeditor = 	 {},
  title = 	 {Civil society participation in European and global governance: A cure for the democratic deficit?},
  publisher = 	 {Basingstoke: Palgrave Macmillan},
  year = 	 {2006},
  OPTkey = 	 {},
  OPTvolume = 	 {},
  OPTnumber = 	 {},
  OPTseries = 	 {},
  OPTaddress = 	 {},
  OPTedition = 	 {},
  OPTmonth = 	 {},
  note = 	 {in press},
  OPTannote = 	 {}
}

@InBook{Bausch1,
  author = 	 {D. Hahn, & B. Taylor (Eds.)},
  editor = 	 {Bausch, A.},
  title = 	 {Strategische Unternehmungsführung - Strategische Unternehmungsplanung},
  chapter = 	 {Branchen- und Wettbewerbsanalyse im strategischen Management},
  publisher = 	 {Berlin: Springer},
  year = 	 {2006},
  OPTkey = 	 {},
  OPTvolume = 	 {},
  OPTnumber = 	 {},
  OPTseries = 	 {},
  OPTtype = 	 {},
  OPTaddress = 	 {},
  OPTedition = 	 {},
  OPTmonth = 	 {},
  pages = 	 {195-214},
  note = 	 {9. Auflage},
  OPTannote = 	 {}
}

@Article{Bausch2,
  author = 	 {Bausch, A., & Krist, M.},
  title = 	 {The effect of context-related moderators on the internationalization-performance relationship: Evidence from meta-analysis},
  journal = 	 {Management International Review},
  year = 	 {2006},
  OPTkey = 	 {},
  volume = 	 {},
  number = 	 {},
  pages = 	 {},
  OPTmonth = 	 {},
  note = 	 {in press},
  OPTeprint =	 {},
  OPTannote = 	 {}
}

@Article{Bausch3,
  author = 	 {Bausch, A., & Rosenbusch, N.},
  title = 	 {Innovation und Unternehmenserfolg: Eine meta-analytische Untersuchung},
  journal = 	 {Die Unternehmung},
  year = 	 {2006},
  OPTkey = 	 {},
  volume = 	 {2},
  number = 	 {},
  pages = 	 {125-140},
  OPTmonth = 	 {},
  note = 	 {},
  OPTeprint =	 {},
  OPTannote = 	 {}
}

@Article{Boehnke1,
  author = 	 {Boehnke, K., & Welzel, C.},
  title = 	 {Wertetransmission und Wertewandel: Eine explorative Drei-Generationen-Studie},
  journal = 	 {Zeitschrift für Soziologie der Erziehung und Sozialisation},
  year = 	 {2006},
  OPTkey = 	 {},
  volume = 	 {26},
  number = 	 {},
  pages = 	 {341-360},
  OPTmonth = 	 {},
  note = 	 {},
  OPTeprint =	 {},
  OPTannote = 	 {}
}

@InBook{Bogaards1,
  author = 	 {M. Basedau, G. Erdmann, & A. Mehler (Eds.)},
  editor = 	 {Bogaards, M.},
  title = 	 {Votes, money and violence: Political parties and elections in Africa},
  chapter = 	 {Electoral systems, party systems, and ethnic conflict management in Africa},
  publisher = 	 {Uppsala: Nordiska Afrikainstitutet},
  year = 	 {2006},
  OPTkey = 	 {},
  OPTvolume = 	 {},
  OPTnumber = 	 {},
  OPTseries = 	 {},
  OPTtype = 	 {},
  OPTaddress = 	 {},
  OPTedition = 	 {},
  OPTmonth = 	 {},
  pages = 	 {169-194},
  OPTnote = 	 {},
  OPTannote = 	 {}
} 


@InBook{Brockmann1,
  author = 	 {K.-S. Rehberg (Ed.)},
  editor = 	 {Brockmann, H.},
  title = 	 {Soziale Ungleichheit, Kulturelle Unterschiede},
  chapter = 	 {Können wir uns die demografische Alterung leisten? Altersrationierung und Generationengerechtigkeit am Beispiel des Krankenhauspatienten},
  publisher = 	 {Frankfurt am Main: Campus Verlag},
  year = 	 {2006},
  OPTkey = 	 {},
  OPTvolume = 	 {},
  OPTnumber = 	 {},
  OPTseries = 	 {},
  OPTtype = 	 {},
  OPTaddress = 	 {},
  OPTedition = 	 {},
  OPTmonth = 	 {},
  pages = 	 {1003-1021},
  note = 	 {Verhandlungen des 32. Kongresses der Deutschen Gesellschaft für Soziologie in München 2004. Bd. 2.},
  OPTannote = 	 {}
}


@Article{Brockmann2,
  author = 	 {Brockmann, H., Müller, R., & Voges, W.},
  title = 	 {Auch ein Reformeffekt? Eine exporative Analyse der zunehmenden Krankenhausbehandlungen auf Grund psychischer Störungen},
  journal = 	 {Das Gesundheitswesen},
  year = 	 {2006},
  OPTkey = 	 {},
  volume = 	 {},
  number = 	 {},
  pages = 	 {},
  OPTmonth = 	 {},
  note = 	 {in press},
  OPTeprint =	 {},
  OPTannote = 	 {}
}


@InBook{Brüggemann1,
  author = 	 {W.R. Langenbucher, & M. Latzer (Ed.)},
  editor = 	 {Brüggemann, M., Sifft, S., Kleinen-v.Königslöw, K., Peters B., & Wimmel, A.},
  title = 	 {Europäische Öffentlichkeit und medialer Wandel. Eine transdisziplinäre Perspektive},
  chapter = 	 {Segmentierte Europäisierung - Trends und Muster der Transnationalisierung von Öffentlichkeiten in Europa},
  publisher = 	 {Wiesbaden: VS Verlag},
  year = 	 {2006},
  OPTkey = 	 {},
  OPTvolume = 	 {},
  OPTnumber = 	 {},
  OPTseries = 	 {},
  OPTtype = 	 {},
  OPTaddress = 	 {},
  OPTedition = 	 {},
  OPTmonth = 	 {},
  pages = 	 {214-231},
  OPTnote = 	 {},
  OPTannote = 	 {}
}


@InBook{Brunekreeft1,
  author = 	 {F.P. Sioshansi, & Pfaffenberger, W. (Eds.)},
  editor = 	 {Brunekreeft, G., & Bauknecht, D.},
  title = 	 {Electricity market reform: An international perspective},
  chapter = 	 {Energy policy and investment in the German power market},
  publisher = 	 {Amsterdam: Elsevier},
  year = 	 {2006},
  OPTkey = 	 {},
  OPTvolume = 	 {},
  OPTnumber = 	 {},
  OPTseries = 	 {},
  OPTtype = 	 {},
  OPTaddress = 	 {},
  OPTedition = 	 {},
  OPTmonth = 	 {},
  pages = 	 {235-265},
  OPTnote = 	 {},
  OPTannote = 	 {}
}


@Article{Brunekreeft2,
  author = 	 {Brunekreeft, G., & Ehlers, E.},
  title = 	 {Ownership unbundling of electricity distribution networks and distributed generation},
  journal = 	 {Competition and Regulation in Network Industries},
  year = 	 {2006},
  OPTkey = 	 {},
  volume = 	 {1},
  number = 	 {},
  pages = 	 {63-86},
  OPTmonth = 	 {},
  note = 	 {},
  OPTeprint =	 {},
  OPTannote = 	 {}
}


@Article{Brunekreeft3,
  author = 	 {Brunekreeft, G., & Newbery, D.N.},
  title = 	 {Should merchant transmission investment be subject to a must-offer provision?},
  journal = 	 {Journal of Regulatory Economics},
  year = 	 {2006},
  OPTkey = 	 {},
  volume = 	 {30},
  number = 	 {},
  pages = 	 {},
  OPTmonth = 	 {},
  note = 	 {in press},
  OPTeprint =	 {},
  OPTannote = 	 {}
}


@Article{Brunekreeft4,
  author = 	 {Brunekreeft, G., & Müller, C.},
  title = 	 {Der generelle X-Faktor in der Anreizregulierung},
  journal = 	 {Energiewirtschaftliche Tagesfragen},
  year = 	 {2006},
  OPTkey = 	 {},
  volume = 	 {},
  number = 	 {},
  pages = 	 {},
  OPTmonth = 	 {},
  note = 	 {in press},
  OPTeprint =	 {},
  OPTannote = 	 {}
}


@Article{Delhey1,
  author = 	 {Delhey, J., & Kohler, U.},
  title = 	 {From nationally bounded to pan-European inequalities? On the importance of foreign countries as reference groups},
  journal = 	 {European Sociological Review},
  year = 	 {2006},
  OPTkey = 	 {},
  volume = 	 {22},
  number = 	 {},
  pages = 	 {125-140},
  OPTmonth = 	 {},
  note = 	 {},
  OPTeprint =	 {},
  OPTannote = 	 {}
}


@InBook{Deutsch1,
  author = 	 {I.P. Karolewski, & V. Kaina (Eds.)},
  editor = 	 {Deutsch, F.},
  title = 	 {European Identity. Theoretical Perspectives and Empirical Insights},
  chapter = 	 {Legitimacy and identity in the European Union. Empirical findings from the old member states},
  publisher = 	 {Berlin: LIT},
  year = 	 {2006},
  OPTkey = 	 {},
  OPTvolume = 	 {},
  OPTnumber = 	 {},
  OPTseries = 	 {},
  OPTtype = 	 {},
  OPTaddress = 	 {},
  OPTedition = 	 {},
  OPTmonth = 	 {},
  pages = 	 {149-178},
  OPTnote = 	 {},
  OPTannote = 	 {}
}


@InBook{Genschel1,
  author = 	 {S. Leibfried, & M. Zürn (Eds.)},
  editor = 	 {Genschel, P., & Uhl, S.},
  title = 	 {Transformation des Staates?},
  chapter = 	 {Der Steuerstaat und die Globalisierung},
  publisher = 	 {Frankfurt am Main: Suhrkamp},
  year = 	 {2006},
  OPTkey = 	 {},
  OPTvolume = 	 {},
  OPTnumber = 	 {},
  OPTseries = 	 {},
  OPTtype = 	 {},
  OPTaddress = 	 {},
  OPTedition = 	 {},
  OPTmonth = 	 {},
  pages = 	 {92-119},
  OPTnote = 	 {},
  OPTannote = 	 {}
}


@Article{Genschel2,
  author = 	 {Genschel, P., & Ganghof, S.},
  title = 	 {Taxation and democracy in the EU},
  journal = 	 {Journal of European Public Policy},
  year = 	 {2006},
  OPTkey = 	 {},
  volume = 	 {},
  number = 	 {},
  pages = 	 {},
  OPTmonth = 	 {},
  note = 	 {in press},
  OPTeprint =	 {},
  OPTannote = 	 {}
}



@Article{Friedrichs1,
  author = 	 {Friedrichs, J.},
  title = 	 {Defining the international public enemy. The political struggle behind the legal debate on international terrorism},
  journal = 	 {Leiden Journal of International Law},
  year = 	 {2006},
  OPTkey = 	 {},
  volume = 	 {19},
  number = 	 {1},
  pages = 	 {69-91},
  OPTmonth = 	 {},
  note = 	 {},
  OPTeprint =	 {},
  OPTannote = 	 {}
}


@InBook{Friedrichs2,
  author = 	 {M. Burgess, & H. Vollaard (Eds.)},
  editor = 	 {Friedrichs, J.},
  title = 	 {State Territoriality and European Integration},
  chapter = 	 {When push comes to shove. The territorial monopoly of force and the travails of neomedieval Europe},
  publisher = 	 {London: Routledge},
  year = 	 {2006},
  OPTkey = 	 {},
  OPTvolume = 	 {},
  OPTnumber = 	 {},
  OPTseries = 	 {},
  OPTtype = 	 {},
  OPTaddress = 	 {},
  OPTedition = 	 {},
  OPTmonth = 	 {},
  pages = 	 {228-251},
  OPTnote = 	 {},
  OPTannote = 	 {}
}


@InBook{Jachtenfuchs1,
  author = 	 {S. Leibfried, & M. Zürn (Eds.)},
  editor = 	 {Jachtenfuchs, M.},
  title = 	 {Transformation des Staates?},
  chapter = 	 {Das Gewaltmonopol. Denationalisierung oder Fortbestand?},
  publisher = 	 {Frankfurt am Main: Suhrkamp},
  year = 	 {2006},
  OPTkey = 	 {},
  OPTvolume = 	 {},
  OPTnumber = 	 {},
  OPTseries = 	 {},
  OPTtype = 	 {},
  OPTaddress = 	 {},
  OPTedition = 	 {},
  OPTmonth = 	 {},
  pages = 	 {69-91},
  OPTnote = 	 {},
  OPTannote = 	 {}
}


@InBook{Jachtenfuchs2,
  author = 	 {K. Jørgensen, E. Pollack, A. Mark, & B. Rosamond (Eds.)},
  editor = 	 {Jachtenfuchs, M.},
  title = 	 {Handbook of European Union Politics},
  chapter = 	 {The EU as a polity (II)},
  publisher = 	 {London: Sage},
  year = 	 {2006},
  OPTkey = 	 {},
  OPTvolume = 	 {},
  OPTnumber = 	 {},
  OPTseries = 	 {},
  OPTtype = 	 {},
  OPTaddress = 	 {},
  OPTedition = 	 {},
  OPTmonth = 	 {},
  pages = 	 {},
  note = 	 {in press},
  OPTannote = 	 {}
}


@InBook{Joppke1,
  author = 	 {Y.M. Bodemann, & G. Yurdakul (Eds.)},
  editor = 	 {Joppke, C.},
  title = 	 {Migration, Citizenship, Ethnos},
  chapter = 	 {Citizenship between de- and re-ethnicization},
  publisher = 	 {New York: Palgrave-Macmillan},
  year = 	 {2006},
  OPTkey = 	 {},
  OPTvolume = 	 {},
  OPTnumber = 	 {},
  OPTseries = 	 {},
  OPTtype = 	 {},
  OPTaddress = 	 {},
  OPTedition = 	 {},
  OPTmonth = 	 {},
  pages = 	 {63-91},
  OPTnote = 	 {},
  OPTannote = 	 {}
}



@InBook{Joppke2,
  author = 	 {R. Kastoryano (Ed.)},
  editor = 	 {Joppke, C.},
  title = 	 {Les codes de la Difference},
  chapter = 	 {L'effacement du multiculturalisme dans l'Etat liberal},
  publisher = 	 {Paris: Presses de Sciences Po},
  year = 	 {2006},
  OPTkey = 	 {},
  OPTvolume = 	 {},
  OPTnumber = 	 {},
  OPTseries = 	 {},
  OPTtype = 	 {},
  OPTaddress = 	 {},
  OPTedition = 	 {},
  OPTmonth = 	 {},
  pages = 	 {},
  Tnote = 	 {in press},
  OPTannote = 	 {}
}


@InBook{Joppke3,
  author = 	 {K. Tunstall (Ed.)},
  editor = 	 {Joppke, C.},
  title = 	 {Displacement, asylum, migration},
  chapter = 	 {Response to Saskia Sassen's ``The Repositioning of Citizenship and Alienage''},
  publisher = 	 {Oxford University Press},
  year = 	 {2006},
  OPTkey = 	 {},
  OPTvolume = 	 {},
  OPTnumber = 	 {},
  OPTseries = 	 {},
  OPTtype = 	 {},
  OPTaddress = 	 {},
  OPTedition = 	 {},
  OPTmonth = 	 {},
  pages = 	 {204-209, 334-335},
  OPTnote = 	 {},
  OPTannote = 	 {}
}


@InBook{Joppke4,
  author = 	 {K.S. Rehberg (Ed.)},
  editor = 	 {Joppke, C.},
  title = 	 {Soziale Ungleichheit - Kulturelle Unterschiede},
  chapter = 	 {Staatsbürgerschaft und kulturelle Differenz},
  publisher = 	 {Frankfurt am Main: Campus},
  year = 	 {2006},
  OPTkey = 	 {},
  OPTvolume = 	 {},
  OPTnumber = 	 {},
  OPTseries = 	 {},
  OPTtype = 	 {},
  OPTaddress = 	 {},
  OPTedition = 	 {},
  OPTmonth = 	 {},
  pages = 	 {797-812},
  note = 	 {Verhandlungen des 32. Kongresses der Deutschen Gesellschaft für Soziologie in München 2004},
  OPTannote = 	 {}
}


@Article{Joppke5,
  author = 	 {Joppke, C.},
  title = 	 {Exclusion in the liberal state (in Czech)},
  journal = 	 {Socíalní Studia},
  year = 	 {2006},
  OPTkey = 	 {},
  volume = 	 {11},
  number = 	 {},
  pages = 	 {},
  OPTmonth = 	 {},
  note = 	 {in press},
  OPTeprint =	 {},
  OPTannote = 	 {}
}


@InBook{Kaina1,
  author = 	 {E. Roller, F. Brettschneider, & J.W. van Deth (Eds.)},
  editor = 	 {Kaina V., & Deutsch, F.},
  title = 	 {Jugend und Politik: "Voll normal!". Der Beitrag der politischen Soziologie zur Jugendforschung},
  chapter = 	 {Verliert die "Stille Revolution" ihren Nachwuchs? Wertorientierungen in Deutschland im Kohorten- und Zeitvergleich},
  publisher = 	 {Wiesbaden: VS Verlag für Sozialwissenschaften},
  year = 	 {2006},
  OPTkey = 	 {},
  OPTvolume = 	 {},
  OPTnumber = 	 {},
  OPTseries = 	 {},
  OPTtype = 	 {},
  OPTaddress = 	 {},
  OPTedition = 	 {},
  OPTmonth = 	 {},
  pages = 	 {157-181},
  OPTnote = 	 {},
  OPTannote = 	 {}
}


@InBook{Ludes2,
  author = 	 {G. Backhaus, & G. Psathas (Eds.)},
  editor = 	 {Ludes, P.},
  title = 	 {The sociology of radical commitment: Kurt H. Wolff's existential turn},
  chapter = 	 {Existential truths as prerequisites for a globalizing discourse theory},
  publisher = 	 {Lanham, MD: Lexington Books},
  year = 	 {2006},
  OPTkey = 	 {},
  OPTvolume = 	 {},
  OPTnumber = 	 {},
  OPTseries = 	 {},
  OPTtype = 	 {},
  OPTaddress = 	 {},
  OPTedition = 	 {},
  OPTmonth = 	 {},
  pages = 	 {115-136},
  OPTnote = 	 {},
  OPTannote = 	 {}
}


@InBook{Ludes3,
  author = 	 {G. Backhaus, & G. Psathas (Eds.)},
  editor = 	 {Ludes, P.},
  title = 	 {The sociology of radical commitment: Kurt H. Wolff's existential turn},
  chapter = 	 {"Individual Transcendence, Media Transformations, and Collective Experiences: An Introduction to my 1984 Interview with Kurt H. Wolff" and "Surrender-and-Catch and Charismatic Authority: An Interview by Peter Ludes"},
  publisher = 	 {Lanham, MD: Lexington Books},
  year = 	 {2006},
  OPTkey = 	 {},
  OPTvolume = 	 {},
  OPTnumber = 	 {},
  OPTseries = 	 {},
  OPTtype = 	 {},
  OPTaddress = 	 {},
  OPTedition = 	 {},
  OPTmonth = 	 {},
  pages = 	 {169-178},
  OPTnote = 	 {},
  OPTannote = 	 {}
}


@InBook{Ludes4,
  author = 	 {Universidade Federal da Bahia, VPC Cinema Video (Ed.)},
  editor = 	 {Ludes P.},
  title = 	 {Seminário Internacional de Cinema e Audiovisual},
  chapter = 	 {A televisao: imagens-chave},
  publisher = 	 {Salvador-Bahia: Universidade Federal},
  year = 	 {2006},
  OPTkey = 	 {},
  OPTvolume = 	 {},
  OPTnumber = 	 {},
  OPTseries = 	 {},
  OPTtype = 	 {},
  OPTaddress = 	 {},
  OPTedition = 	 {},
  OPTmonth = 	 {},
  pages = 	 {77-82},
  OPTnote = 	 {},
  OPTannote = 	 {}
}


@Article{Müller2,
  author = 	 {Müller, M.G., & Özcan, E.},
  title = 	 {he political iconography of Muhammad cartoons: Understanding conflict and political action},
  journal = 	 {PS - Political Science and Politics},
  year = 	 {2006},
  OPTkey = 	 {},
  volume = 	 {},
  number = 	 {},
  pages = 	 {},
  OPTmonth = 	 {},
  note = 	 {in press},
  OPTeprint =	 {},
  OPTannote = 	 {}
}


@Article{Müller3,
  author = 	 {Müller, M.G., & Kappas. A.},
  title = 	 {Bild und Emotion: ein neues Forschungsfeld. Theoretische Ansätze aus Emotionspsychologie, Bildwissenschaft und visueller Kommunikationsforschung},
  journal = 	 {Publizistik},
  year = 	 {2006},
  OPTkey = 	 {},
  volume = 	 {51},
  number = 	 {},
  pages = 	 {3-23},
  OPTmonth = 	 {},
  note = 	 {},
  OPTeprint =	 {},
  OPTannote = 	 {}
}

@InBook{Müller4,
  author = 	 {E. Wipfler (Ed.)},
  editor = 	 {Müller, M.G.},
  title = 	 {Freundschaft. Motive und Bedeutungen},
  chapter = 	 {Die Ikonographie des politischen Händedrucks},
  publisher = 	 {Köln, Wien: Böhlau},
  year = 	 {2006},
  OPTkey = 	 {},
  OPTvolume = 	 {},
  OPTnumber = 	 {},
  OPTseries = 	 {},
  OPTtype = 	 {},
  OPTaddress = 	 {},
  OPTedition = 	 {},
  OPTmonth = 	 {},
  pages = 	 {205-217},
  OPTnote = 	 {},
  OPTannote = 	 {}
}



@InBook{Müller5,
  author = 	 {E. Crewe, & M.G. Müller (Eds.)},
  editor = 	 {Müller, M.G.},
  title = 	 {Rituals in parliaments. Political, anthropological and historical perspectives on Europe and the United States},
  chapter = 	 {Parliaments and their liturgies},
  publisher = 	 {Frankfurt am Main: Peter Lang},
  year = 	 {2006},
  OPTkey = 	 {},
  OPTvolume = 	 {},
  OPTnumber = 	 {},
  OPTseries = 	 {},
  OPTtype = 	 {},
  OPTaddress = 	 {},
  OPTedition = 	 {},
  OPTmonth = 	 {},
  pages = 	 {183-206},
  OPTnote = 	 {},
  OPTannote = 	 {}
}


@InBook{Müller6,
  author = 	 {S. Falk, D. Rehfeld, A. Römmele, & M. Thunert (Eds.)},
  editor = 	 {Müller, M.G.},
  title = 	 {Handbuch Politikberatung},
  chapter = 	 {Politikberatung aus kommunikationswissenschaftlicher Perspektive},
  publisher = 	 {Wiesbaden: VS Verlag},
  year = 	 {2006},
  OPTkey = 	 {},
  OPTvolume = 	 {},
  OPTnumber = 	 {},
  OPTseries = 	 {},
  OPTtype = 	 {},
  OPTaddress = 	 {},
  OPTedition = 	 {},
  OPTmonth = 	 {},
  pages = 	 {88-95},
  OPTnote = 	 {},
  OPTannote = 	 {}
}


@InBook{Müller7,
  author = 	 {M. Land, & B.W. Hornaday (Eds.)},
  editor = 	 {Müller, M.G., & Knieper, T.},
  title = 	 {Contemporary Media Ethics},
  chapter = 	 {Texas bonfire traditions. The cartoon that got under fire},
  publisher = 	 {Spokane: Marquette Books},
  year = 	 {2006},
  OPTkey = 	 {},
  OPTvolume = 	 {},
  OPTnumber = 	 {},
  OPTseries = 	 {},
  OPTtype = 	 {},
  OPTaddress = 	 {},
  OPTedition = 	 {},
  OPTmonth = 	 {},
  pages = 	 {277-292},
  OPTnote = 	 {},
  OPTannote = 	 {}
}


@InBook{Müller8,
  author = 	 {},
  editor = 	 {Müller, M.G.},
  title = 	 {Ausstellungskatalog "(Tat)Orte"},
  chapter = 	 {Violent Visuals - Visual Violence. Gewaltbilder - Bildgewalt.},
  publisher = 	 {Düsseldorf: Kulturforum NRW},
  year = 	 {2006},
  OPTkey = 	 {},
  OPTvolume = 	 {},
  OPTnumber = 	 {},
  OPTseries = 	 {},
  OPTtype = 	 {},
  OPTaddress = 	 {},
  OPTedition = 	 {},
  OPTmonth = 	 {},
  pages = 	 {29-44},
  OPTnote = 	 {},
  OPTannote = 	 {}
}


@InBook{Müller9,
  author = 	 {R. Müller, & B. Braun (Eds.)},
  editor = 	 {Müller, R., & Brockmann, H.},
  title = 	 {Vom Querschnitt zum Längsschnitt. Möglichkeiten der Analysen mit GKV-Daten. GEK-Schriftenreihe zur Gesundheitsanalyse},
  chapter = 	 {Steigende Zahl der Krankenhausfälle mit Diagnose "psychische Störung"},
  publisher = 	 {St. Augustin: Asgard, in press},
  year = 	 {2006},
  OPTkey = 	 {},
  OPTvolume = 	 {},
  OPTnumber = 	 {},
  OPTseries = 	 {},
  OPTtype = 	 {},
  OPTaddress = 	 {},
  OPTedition = 	 {},
  OPTmonth = 	 {},
  pages = 	 {},
  OPTnote = 	 {},
  OPTannote = 	 {}
}


@InBook{Steffek4,
  author = 	 {S. Thoyer, & B. Martimort-Asso (Eds.)},
  editor = 	 {Nanz, P., & Steffek, J.},
  title = 	 {Participation for sustainability in trade},
  chapter = 	 {Deliberation and democracy in global governance: The role of civil society},
  publisher = 	 {Aldershot: Ashgate},
  year = 	 {2006},
  OPTkey = 	 {},
  OPTvolume = 	 {},
  OPTnumber = 	 {},
  OPTseries = 	 {},
  OPTtype = 	 {},
  OPTaddress = 	 {},
  OPTedition = 	 {},
  OPTmonth = 	 {},
  pages = 	 {61-72},
  OPTnote = 	 {},
  OPTannote = 	 {}
}


@InBook{Brüggemann2,
  author = 	 {S. Leibfried, & M. Zürn, (Eds.)},
  editor = 	 {Peters, B., Wessler, H., Sifft, S., Wimmel, A., Brüggemann, M., & Kleinen-von-Königslöw, K.},
  title = 	 {Staatlichkeit im Wandel},
  chapter = 	 {Die Transnationalisierung von Öffentlichkeiten am Beispiel der Europäischen Union},
  publisher = 	 {Frankfurt am Main: Suhrkamp},
  year = 	 {2006},
  OPTkey = 	 {},
  OPTvolume = 	 {},
  OPTnumber = 	 {},
  OPTseries = 	 {},
  OPTtype = 	 {},
  OPTaddress = 	 {},
  OPTedition = 	 {},
  OPTmonth = 	 {},
  pages = 	 {230-261},
  OPTnote = 	 {},
  OPTannote = 	 {}
}


@InBook{Wessler1,
  author = 	 {K. Imhof, R. Blum, H. Bonfadelli, & O. Jarren (Eds.)},
  editor = 	 {Peters, B., & Wessler, H.},
  title = 	 {Demokratie in der Mediengesellschaft},
  chapter = 	 {Die Transnationalisierung von Öffentlichkeiten - analytische Dimensionen, normative Standards, sozialkulturelle Produktionsstrukturen},
  publisher = 	 {Wiesbaden: VS Verlag},
  year = 	 {2006},
  OPTkey = 	 {},
  OPTvolume = 	 {},
  OPTnumber = 	 {},
  OPTseries = 	 {},
  OPTtype = 	 {},
  OPTaddress = 	 {},
  OPTedition = 	 {},
  OPTmonth = 	 {},
  pages = 	 {125-144},
  OPTnote = 	 {},
  OPTannote = 	 {}
}


@Article{Pfaffenberger2,
  author = 	 {Jochum, G., & Pfaffenberger, W.},
  title = 	 {Die Zukunft der Stromerzeugung},
  journal = 	 {Aus Politik und Zeitgeschichte},
  year = 	 {2006},
  OPTkey = 	 {},
  volume = 	 {13},
  number = 	 {},
  pages = 	 {19-26},
  OPTmonth = 	 {},
  note = 	 {},
  OPTeprint =	 {},
  OPTannote = 	 {}
}


@Article{Pfaffenberger3,
  author = 	 {Pfaffenberger, W.},
  title = 	 {Erneuerbare Energien in Strom-, Gas- und Wärmenetzen. Determinanten der Wirtschaftlichkeit - Heute und Morgen},
  journal = 	 {VDI Bericht 1929},
  year = 	 {2006},
  OPTkey = 	 {},
  volume = 	 {},
  number = 	 {},
  pages = 	 {1-14},
  OPTmonth = 	 {},
  note = 	 {},
  OPTeprint =	 {},
  OPTannote = 	 {}
}


@Article{Pfaffenberger4,
  author = 	 {Pfaffenberger, W.},
  title = 	 {Zu den Fundamentaldaten der Energiepreisentwicklung},
  journal = 	 {Energiewirtschaftliche Tagesfragen},
  year = 	 {2006},
  OPTkey = 	 {},
  volume = 	 {6},
  number = 	 {},
  pages = 	 {13-16},
  OPTmonth = 	 {},
  note = 	 {},
  OPTeprint =	 {},
  OPTannote = 	 {}
}


@Article{Pfaffenberger5,
  author = 	 {Pfaffenberger, W.},
  title = 	 {Wertschöpfung und Beschäftigung durch grüne Energieproduktion?},
  journal = 	 {Energiewirtschaftliche Tagesfragen},
  year = 	 {2006},
  OPTkey = 	 {},
  volume = 	 {9},
  number = 	 {},
  pages = 	 {22-26},
  OPTmonth = 	 {},
  note = 	 {},
  OPTeprint =	 {},
  OPTannote = 	 {}
}


@InBook{Ress1,
  author = 	 {M. Akyuerek, G. Baumgartner, D. Jahnel, G. Lienbacher, & H. Stolzlechner (Eds.)},
  editor = 	 {Ress, G.},
  title = 	 {Festschrift Heinz Schaeffer},
  chapter = 	 {Würde des Menschen - die gedankliche Herkunft der Menschenrechte und ihre gegenwärtige Funktion},
  publisher = 	 {München: CH Beck},
  year = 	 {2006},
  OPTkey = 	 {},
  OPTvolume = 	 {},
  OPTnumber = 	 {},
  OPTseries = 	 {},
  OPTtype = 	 {},
  OPTaddress = 	 {},
  OPTedition = 	 {},
  OPTmonth = 	 {},
  pages = 	 {703-715},
  note = 	 {Gleichzeitig in japanischer Sprache erschienen in den Forschungsannalen der IWAKI-University},
  OPTannote = 	 {}
}


@Article{Ress2,
  author = 	 {Ress, G.},
  title = 	 {Der europäische Gerichtshof für Menschenrechte, seine Reform und die Rolle der nationalen Gerichte (in Japanese)},
  journal = 	 {Journal of Law, Politics and Sociology},
  year = 	 {2006},
  OPTkey = 	 {},
  volume = 	 {79},
  number = 	 {},
  pages = 	 {77 - 103},
  OPTmonth = 	 {},
  note = 	 {Tokyo Keio University},
  OPTeprint =	 {},
  OPTannote = 	 {}
}


@InBook{Ress3,
  author = 	 {L. Wildhaber (Ed.)},
  editor = 	 {Ress, G.},
  title = 	 {Liber Amicorum},
  chapter = 	 {Reflections on the protection of property under the European Convention of Human Rights},
  publisher = 	 {Basel: Universität Basel},
  year = 	 {2006},
  OPTkey = 	 {},
  OPTvolume = 	 {},
  OPTnumber = 	 {},
  OPTseries = 	 {},
  OPTtype = 	 {},
  OPTaddress = 	 {},
  OPTedition = 	 {},
  OPTmonth = 	 {},
  pages = 	 {},
  note = 	 {in press},
  OPTannote = 	 {}
}


@InBook{Rixen1,
  author = 	 {S.A. Schirm (Ed.)},
  editor = 	 {Rixen, T.},
  title = 	 {Globalisierung: Forschungsstand und Perspektiven},
  chapter = 	 {Die Mühen internationaler Kooperation gegen schädlichen Steuerwettbewerb},
  publisher = 	 {Baden-Baden: Nomos},
  year = 	 {2006},
  OPTkey = 	 {},
  OPTvolume = 	 {},
  OPTnumber = 	 {},
  OPTseries = 	 {},
  OPTtype = 	 {},
  OPTaddress = 	 {},
  OPTedition = 	 {},
  OPTmonth = 	 {},
  pages = 	 {77-98},
  OPTnote = 	 {},
  OPTannote = 	 {}
}


@InBook{Rixen2,
  author = 	 {S.A. Schirm (Ed.)},
  editor = 	 {Rixen, T.},
  title = 	 {Globalization. State of the art and perspectives},
  chapter = 	 {The plight of international cooperation against harmful tax competition},
  publisher = 	 {London: Routledge},
  year = 	 {2006},
  OPTkey = 	 {},
  OPTvolume = 	 {},
  OPTnumber = 	 {},
  OPTseries = 	 {},
  OPTtype = 	 {},
  OPTaddress = 	 {},
  OPTedition = 	 {},
  OPTmonth = 	 {},
  pages = 	 {},
  note = 	 {in press},
  OPTannote = 	 {}
}


@Article{Rohlfing1,
  author = 	 {Rohlfing, I., Fischer, J., & Kaiser, A.},
  title = 	 {The push and pull of ministerial resignations in Germany, 1969-2005},
  journal = 	 {West European Politics},
  year = 	 {2006},
  OPTkey = 	 {},
  volume = 	 {29},
  number = 	 {4},
  pages = 	 {709-735},
  OPTmonth = 	 {},
  note = 	 {},
  OPTeprint =	 {},
  OPTannote = 	 {}
}


@InBook{Steffek5,
  author = 	 {C. Joerges, & E.-U. Petersmann (Eds.)},
  editor = 	 {Steffek J., & Kissling, C.},
  title = 	 {Constitutionalism, multilevel trade governance and social regulation },
  chapter = 	 {Why co-operate? Civil society participation at the WTO},
  publisher = 	 {Oxford: Hart},
  year = 	 {2006},
  OPTkey = 	 {},
  OPTvolume = 	 {},
  OPTnumber = 	 {},
  OPTseries = 	 {},
  OPTtype = 	 {},
  OPTaddress = 	 {},
  OPTedition = 	 {},
  OPTmonth = 	 {},
  pages = 	 {135-155},
  OPTnote = 	 {},
  OPTannote = 	 {}
}


@Article{Uhl1,
  author = 	 {Uhl, S.},
  title = 	 {Time for a tea party? Why tax regimes beyond the nation state matter, and why citizens should care},
  journal = 	 {European Review},
  year = 	 {2006},
  OPTkey = 	 {},
  volume = 	 {14},
  number = 	 {4},
  pages = 	 {565-585},
  OPTmonth = 	 {},
  note = 	 {},
  OPTeprint =	 {},
  OPTannote = 	 {}
}


@Article{Brunekreeft3,
  author = 	 {von Hirschhausen, C., Brunekreeft, G., & Elmer, C.F.},
  title = 	 {Recent trends in the privatization and the regulation of network industries - An introduction},
  journal = 	 {Competition and Regulation in Network Industries},
  year = 	 {2006},
  OPTkey = 	 {},
  volume = 	 {1},
  number = 	 {},
  pages = 	 {},
  OPTmonth = 	 {},
  note = 	 {in press},
  OPTeprint =	 {},
  OPTannote = 	 {}
}


@InBook{Welzel1,
  author = 	 {D. Fuchs, & E. Roller (Eds.)},
  editor = 	 {Welzel, C.},
  title = 	 {Lexikon Politik: Hundert Grundbegriffe},
  chapter = 	 {Demokratisierung und Demokratisierungswellen},
  publisher = 	 {Opladen: Westdeutscher Verlag},
  year = 	 {2006},
  OPTkey = 	 {},
  OPTvolume = 	 {},
  OPTnumber = 	 {},
  OPTseries = 	 {},
  OPTtype = 	 {},
  OPTaddress = 	 {},
  OPTedition = 	 {},
  OPTmonth = 	 {},
  pages = 	 {25-27},
  OPTnote = 	 {},
  OPTannote = 	 {}
}


@Article{Welzel2,
  author = 	 {Welzel, C.},
  title = 	 {Democratization as an emancipative process: The neglected role of mass motivations},
  journal = 	 {European Journal of Political Research},
  year = 	 {2006},
  OPTkey = 	 {},
  volume = 	 {45},
  number = 	 {4},
  pages = 	 {871-896},
  OPTmonth = 	 {},
  note = 	 {},
  OPTeprint =	 {},
  OPTannote = 	 {}
}


@Article{Welzel3,
  author = 	 {Welzel, C.},
  title = 	 {Democratization in the human development perspective},
  journal = 	 {Comparative Sociology},
  year = 	 {2006},
  OPTkey = 	 {},
  volume = 	 {5},
  number = 	 {2-3},
  pages = 	 {259-290},
  OPTmonth = 	 {},
  note = 	 {},
  OPTeprint =	 {},
  OPTannote = 	 {}
}


@InBook{Welzel4,
  author = 	 {R.J. Dalton, & D.C. Shin (Eds.)},
  editor = 	 {Welzel, C., & Inglehart, R.},
  title = 	 {Citizens, Democracy, and Markets around the Pacific Rim},
  chapter = 	 {The Human Development Model of Democracy: East Asia in Perspective},
  publisher = 	 {Oxford: Oxford University Press},
  year = 	 {2006},
  OPTkey = 	 {},
  OPTvolume = 	 {},
  OPTnumber = 	 {},
  OPTseries = 	 {},
  OPTtype = 	 {},
  OPTaddress = 	 {},
  OPTedition = 	 {},
  OPTmonth = 	 {},
  pages = 	 {21-49},
  OPTnote = 	 {},
  OPTannote = 	 {}
}


@Article{Welzel5,
  author = 	 {Welzel, C., & Inglehart, R.},
  title = 	 {Emancipative values and democracy: Response to Hadenius and Teorell},
  journal = 	 {Studies in Comparative International Development},
  year = 	 {2006},
  OPTkey = 	 {},
  volume = 	 {41},
  number = 	 {3},
  pages = 	 {74-94},
  OPTmonth = 	 {},
  note = 	 {},
  OPTeprint =	 {},
  OPTannote = 	 {}
}


@Article{Werner1,
  author = 	 {Werner, W.},
  title = 	 {The European Social Model: Cause of, or solution to, the present crisis of the European Union?},
  journal = 	 {Intereconomics: Review of European Economic Policy},
  year = 	 {2006},
  OPTkey = 	 {},
  volume = 	 {1/2},
  number = 	 {41},
  pages = 	 {4-14},
  OPTmonth = 	 {},
  note = 	 {},
  OPTeprint =	 {},
  OPTannote = 	 {}
}


@Article{Werner2,
  author = 	 {Werner, W.},
  title = 	 {Social Policy in the European Union. A View from Germany},
  journal = 	 {omparative Economic & Social Systems},
  year = 	 {2006},
  OPTkey = 	 {},
  volume = 	 {3},
  number = 	 {},
  pages = 	 {39-48},
  OPTmonth = 	 {},
  note = 	 {},
  OPTeprint =	 {},
  OPTannote = 	 {}
}


@Article{Werner3,
  author = 	 {Werner, W.},
  title = 	 {Vom Modell zum Auslaufmodell. Sozialstaat Bundesrepublik Deutschland verliert Vorbildfunktion in Europa},
  journal = 	 {Vierteljahrschrift für Sozial- und Wirtschaftsgeschichte (VSWG)},
  year = 	 {2006},
  OPTkey = 	 {},
  volume = 	 {4/92},
  number = 	 {},
  pages = 	 {},
  OPTmonth = 	 {},
  note = 	 {in press},
  OPTeprint =	 {},
  OPTannote = 	 {}
}


@Article{Werner4,
  author = 	 {Werner, W., & Werner, W.},
  title = 	 {WTO-Dienstleistungsverhandlungen. Stärkung des plurilateralen Ansatzes},
  journal = 	 {Wirtschaftsdienst, Zeitschrift für Wirtschaftspolitik},
  year = 	 {2006},
  OPTkey = 	 {},
  volume = 	 {86},
  number = 	 {5},
  pages = 	 {317-322},
  OPTmonth = 	 {},
  note = 	 {},
  OPTeprint =	 {},
  OPTannote = 	 {}
}


@Article{Werner5,
  author = 	 {Werner, W.},
  title = 	 {Hurricane Betsy and the malfunctioning of the London reinsurance market: An analysis of transatlantic reinsurance trade, 1949-1989},
  journal = 	 {Financial History Review},
  year = 	 {2006},
  OPTkey = 	 {},
  volume = 	 {},
  number = 	 {},
  pages = 	 {},
  OPTmonth = 	 {},
  note = 	 {in press},
  OPTeprint =	 {},
  OPTannote = 	 {}
}


@InBook{Wessler1,
  author = 	 {R. Butsch (Ed.)},
  editor = 	 {Wessler, H., & Schultz, T.},
  title = 	 {Media and Public Spheres},
  chapter = 	 {Can the Mass Media Deliberate? Insights from Print Media and Political Talk Shows},
  publisher = 	 {Basingstoke: Palgrave Macmillan},
  year = 	 {},
  OPTkey = 	 {},
  OPTvolume = 	 {},
  OPTnumber = 	 {},
  OPTseries = 	 {},
  OPTtype = 	 {},
  OPTaddress = 	 {},
  OPTedition = 	 {},
  OPTmonth = 	 {},
  pages = 	 {15-27},
  OPTnote = 	 {},
  OPTannote = 	 {}
}