@ARTICLE{2006astro.ph.10874S,
   author = {{Simionescu}, A. and {B{\"o}hringer}, H. and {Br{\"u}ggen}, M. and 
	{Finoguenov}, A.},
    title = "{The gaseous atmosphere of M87 seen with XMM-Newton}",
  journal = {ArXiv Astrophysics e-prints},
   eprint = {astro-ph/0610874},
     year = 2006,
    month = oct,
   adsurl = {http://adsabs.harvard.edu/cgi-bin/nph-bib_query?bibcode=2006astro.ph.10874S&db_key=PRE},
  adsnote = {Provided by the Smithsonian/NASA Astrophysics Data System}
}

@ARTICLE{2006MNRAS.371..609R,
   author = {{Roediger}, E. and {Br{\"u}ggen}, M. and {Hoeft}, M.},
    title = "{Wakes of ram-pressure-stripped disc galaxies}",
  journal = {Monthly Notices of the Royal Astronomical Society},
   eprint = {astro-ph/0603565},
     year = 2006,
    month = sep,
   volume = 371,
    pages = {609-618},
      doi = {10.1111/j.1365-2966.2006.10726.x},
   adsurl = {http://adsabs.harvard.edu/cgi-bin/nph-bib_query?bibcode=2006MNRAS.371..609R&db_key=AST},
  adsnote = {Provided by the Smithsonian/NASA Astrophysics Data System}
}

@ARTICLE{2006astro.ph..9831H,
   author = {{Hoeft}, M. and {Brueggen}, M.},
    title = "{Radio signature of cosmological structure formation shocks}",
  journal = {ArXiv Astrophysics e-prints},
   eprint = {astro-ph/0609831},
     year = 2006,
    month = sep,
   adsurl = {http://adsabs.harvard.edu/cgi-bin/nph-bib_query?bibcode=2006astro.ph..9831H&db_key=PRE},
  adsnote = {Provided by the Smithsonian/NASA Astrophysics Data System}
}

@ARTICLE{2006MNRAS.369..567R,
   author = {{Roediger}, E. and {Br{\"u}ggen}, M.},
    title = "{Ram pressure stripping of disc galaxies: the role of the inclination angle}",
  journal = {Monthly Notices of the Royal Astronomical Society},
   eprint = {astro-ph/0512365},
     year = 2006,
    month = jun,
   volume = 369,
    pages = {567-580},
      doi = {10.1111/j.1365-2966.2006.10335.x},
   adsurl = {http://adsabs.harvard.edu/cgi-bin/nph-bib_query?bibcode=2006MNRAS.369..567R&db_key=AST},
  adsnote = {Provided by the Smithsonian/NASA Astrophysics Data System}
}

@ARTICLE{2006astro.ph..6664H,
   author = {{Heinz}, S. and {Brueggen}, M. and {Young}, A. and {Levesque}, E.
	},
    title = "{The answer is blowing in the wind: Simulating the interaction of jets with dynamic cluster atmospheres}",
  journal = {ArXiv Astrophysics e-prints},
   eprint = {astro-ph/0606664},
     year = 2006,
    month = jun,
   adsurl = {http://adsabs.harvard.edu/cgi-bin/nph-bib_query?bibcode=2006astro.ph..6664H&db_key=PRE},
  adsnote = {Provided by the Smithsonian/NASA Astrophysics Data System}
}

@ARTICLE{2006AN....327..587B,
   author = {{Br{\"u}ggen}, M. and {Hoeft}, M.},
    title = "{Simulations of magnetic fields in the cosmos}",
  journal = {Astronomische Nachrichten},
     year = 2006,
    month = jun,
   volume = 327,
    pages = {587-+},
      doi = {10.1002/asna.200610597},
   adsurl = {http://adsabs.harvard.edu/cgi-bin/nph-bib_query?bibcode=2006AN....327..587B&db_key=AST},
  adsnote = {Provided by the Smithsonian/NASA Astrophysics Data System}
}

@ARTICLE{2006A&A...450..655I,
   author = {{Iapichino}, L. and {Br{\"u}ggen}, M. and {Hillebrandt}, W. and 
	{Niemeyer}, J.~C.},
    title = "{The ignition of thermonuclear flames in type Ia supernovae}",
  journal = {Astronomy \& Astrophysics},
   eprint = {astro-ph/0512300},
     year = 2006,
    month = may,
   volume = 450,
    pages = {655-666},
      doi = {10.1051/0004-6361:20054052},
   adsurl = {http://adsabs.harvard.edu/cgi-bin/nph-bib_query?bibcode=2006A%26A...450..655I&db_key=AST},
  adsnote = {Provided by the Smithsonian/NASA Astrophysics Data System}
}

