@Article{Carpin:TRA2005,
  author = 	 {S. Carpin and G. Pillonetto},
  title = 	 {Motion Planning Using Adaptive Random Walks},
  journal = 	 {IEEE Transactions on Robotics},
  year =         {2005},
  volume =	 {21},
  number =	 {1},
  pages =	 {129-136}}



@Article{Carpin:RAS2005,
  author = 	 {S. Carpin and A. Birk and V. Jucikas},
  title = 	 {On map merging},
  journal = 	 {Robotics and autonomous systems},
  year = 	 {2005},
  volume =	 {53},
  number =	 {1},
  pages =	 {1-14}}


@Article{Carpin:AR,
  author = 	 {A. Birk and S. Carpin},
  title = 	 {Rescue robotics: a crucial milestone on the road to autonomous systems},
  journal = 	 {Advanced robotics},
  note =	 {accepted for publication},
  year =         2005}


@Article{Carpin:ACTA,
  author = 	 {S. Carpin},
  title = 	 {Randomized motion planning -- a tutorial},
  journal = 	 {International Journal of Robotics and Automation},
  year =         2005,
  note = 	 {(accepted for publication)}}


@InProceedings{Carpin:AIA,
  author = 	 {S.Carpin},
  title = 	 {Correlated samples for fast exploration of configuration spaces},
  booktitle =	 {Artificial Intelligence Applications},
  pages =	 {202-206},
  year =	 {2005}
}

@InProceedings{Carpin:ROMOCO,
  author = 	 {S. Carpin and G. Pillonetto},
  title = 	 {Merging the adaptive random walks planner with the radomized potential field planner},
  booktitle =	 {Proceedings of the {IEEE} International Workshop on Robot Motion and Control},
  pages =	 {151-156},
  year =	 2005}

@InProceedings{Carpin:IAS,
  author = 	 {S. Carpin and E. Pagello},
  title = 	 {An experimental study of distributed robot coordination},
  booktitle =	 {Intelligent autonomous systems 9},
  year =         {2005},
  note =	 {accepted for publication}}





@InProceedings{Carpin:HFES,
  author = 	 {J. Wang and M. Lewis and M. Koes and S. Carpin},
  title = 	 {Validating {USARSim} for use in {HRI} research},
  booktitle =	 {Proceedings of the 49th meeting of the Human Factors and Ergonomics Society},
  pages =	 {457-461},
  year = 	 {2005}
}


@InProceedings{Carpin:RS2,
  author = 	 {A. Birk and S. Carpin and W. Chonnaparamutt and V. Jucikas and H. Bastani and I. Delchev and I. Krivulev and S. Lee and S. Markov and A. Pfeil},
  title = 	 {The {IUB} 2005 rescue robot team},
  booktitle =	 {Robocup 2005: Robot Soccer World Cup {IX}},
  series =	 {LNCS},
  year =         {2005}}



@InCollection{Carpin:ZIF,
  author = 	 {S. Carpin},
  title = 	 {Algorithmic motion planning: the randomized approach},
  booktitle = 	 {General theory of information transfer and combinatorics},
  publisher =	 {Shannon foundation},
  year =	 {2005},
  editor =	 {R. Ahlswede}}






















@InCollection{Carpin:LNCS4123,  author = 	 {S.~Carpin},  title = 	 {Algorithmic Motion Planning: the Randomized Approach},  booktitle = 	 {Information transfer and combinatorics},  OPTcrossref =  {},  OPTkey = 	 {},  pages = 	 {725-753},  publisher = {Springer},  year = 	 {2006},  editor = 	 {R.~Ahlswede et al.},  volume = 	 {4123},  OPTnumber = 	 {},  series = 	 {LNCS},  OPTtype = 	 {},  OPTchapter = 	 {},  OPTaddress = 	 {},  OPTedition = 	 {},  OPTmonth = 	 {},  OPTnote = 	 {},  OPTannote = 	 {}}


@InProceedings{Carpin:ICRA2006GM,  author = 	 {S.~Carpin and C.~Mirolo and E.~Pagello},  title = 	 {A performance comparison of three algorithms for proximity queries relative to convex polyhedra},  OPTcrossref =  {},  OPTkey = 	 {},  booktitle = {Proceeding of the IEEE International Conference on Robotics and automation},  pages = 	 {3023-3028},  year = 	 {2006},  OPTeditor = 	 {},  OPTvolume = 	 {},  OPTnumber = 	 {},  OPTseries = 	 {},  OPTaddress = 	 {},  OPTmonth = 	 {},  OPTorganization = {},  OPTpublisher = {},  OPTnote = 	 {},  OPTannote = 	 {}}@InProceedings{Carpin:ICRA2006BCMOMMT,  author = 	 {A. Kolling and S. Carpin},  title = 	 {Multirobot Cooperation for Surveillance of Multiple Moving Targets - A new behavioral approach},  OPTcrossref =  {},  OPTkey = 	 {},  booktitle =	 {Proceeding of the IEEE International Conference on Robotics and automation},  pages =	 {1311-1316},  year =	 {2006},  OPTeditor = 	 {},  OPTvolume = 	 {},  OPTnumber = 	 {},  OPTseries = 	 {},  OPTaddress = 	 {},  OPTmonth = 	 {},  OPTorganization = {},  OPTpublisher = {},  OPTnote = 	 {},  OPTannote = 	 {}}@InProceedings{Carpin:PerMIS2006a,  author = 	 {S. Carpin and T. Stoyanov and Y. Nevatia and M. Lewis and J. Wang},  title = 	 {Quantitative Assessments of USARSim Accuracy},  OPTcrossref =  {},  OPTkey = 	 {},  booktitle =	 {Proceedings of the Performance Metrics for Intelligent Systems Workshop },  OPTpages = 	 {},  year =	 {2006},  OPTeditor = 	 {},  OPTvolume = 	 {},  OPTnumber = 	 {},  OPTseries = 	 {},  OPTaddress = 	 {},  OPTmonth = 	 {},  OPTorganization = {},  OPTpublisher = {},  OPTnote = 	 {},  OPTannote = 	 {}}@InProceedings{Carpin:PerMIS2006b,  author = 	 {S. Balakirsky and C. Scrapper and S. Carpin and M. Lewis},  title = 	 {USARSim: providing a framework for multi-robot performance evaluation},  OPTcrossref =  {},  OPTkey = 	 {},  booktitle =	 {Proceedings of the Performance Metrics for Intelligent Systems Workshop },  OPTpages = 	 {},  year =	 {2006},  OPTeditor = 	 {},  OPTvolume = 	 {},  OPTnumber = 	 {},  OPTseries = 	 {},  OPTaddress = 	 {},  OPTmonth = 	 {},  OPTorganization = {},  OPTpublisher = {},  OPTnote = 	 {},  OPTannote = 	 {}}

@InProceedings{Carpin:IAS2006,  author = 	 {S. Carpin and E. Pagello},  title = 	 {An experimental study of distributed robot coordination},  OPTcrossref =  {},  OPTkey = 	 {},  booktitle =	 {Intelligent autonomous systems 9},  pages = 	 {199-206},  year = 	 {2006},  editor = 	 {T.~Arai and R.~Pfeifer and T.~Balch and H.~Yokoi},  OPTvolume = 	 {},  OPTnumber = 	 {},  OPTseries = 	 {},  OPTaddress = 	 {},  OPTmonth = 	 {},  OPTorganization = {},  publisher = {IOS Press},  OPTnote =	 {},  OPTannote = 	 {}}

@InProceedings{Carpin:RS1,  author = 	 {S. Carpin and J. Wang and M. Lewis and A. Birk and A. Jacoff},  title = 	 {High fidelity tools for rescue robotics: results and perspectives},  OPTcrossref =  {},  OPTkey = 	 {},  booktitle =	 {Robocup 2005: Robot Soccer World Cup IX},  pages = 	 {301-311},  year = 	 {2006},  OPTeditor = 	 {},  OPTvolume = 	 {},  OPTnumber = 	 {},  series =	 {LNCS},  OPTaddress = 	 {},  OPTmonth = 	 {},  OPTorganization = {},  OPTpublisher = {},  OPTnote = 	 {},  OPTannote = 	 {}}


@InProceedings{Carpin:RS3,  author = 	 {S. Carpin and M. Lewis and J.  Wang and S. Balakirski and C. Scrapper},  title = 	 {Bridging the gap between simulation and reality in urban search and rescue},  booktitle = 	 {Robocup 2006: Robot Soccer World Cup X},  OPTcrossref =  {},  OPTkey = 	 {},  OPTpages = 	 {},  OPTyear = 	 {},  OPTeditor = 	 {},  OPTvolume = 	 {},  OPTnumber = 	 {},  series =	 {LNCS},  OPTaddress = 	 {},  OPTmonth = 	 {},  OPTorganization = {},  OPTpublisher = {},  OPTnote = 	 {},  OPTannote = 	 {}}


@Article{Carpin:AR2006,
  author = 	 {A. Birk and S. Carpin},
  title = 	 {Rescue robotics: a crucial milestone on the road to autonomous systems},
  journal = 	 {Advanced robotics},
  year =	 {2006},
  OPTkey = 	 {},
  volume =	 {5},
  number =	 {20},
  pages =	 {595-605},
  OPTmonth = 	 {},
  OPTnote =	 {},
  OPTannote = 	 {}
}


@Article{Carpin:ACTA2006,
  author = 	 {S. Carpin},
  title = 	 {Randomized motion planning -- a tutorial},
  journal = 	 {International Journal of Robotics and Automation},
  year =	 {2006},
  OPTkey = 	 {},
  volume =	 {21},
  number =	 {3},
  pages = 	 {184-196},
  OPTmonth = 	 {},
  OPTnote = 	 {},
  OPTannote = 	 {}
}





@Article{Carpin:IEEEPRO2006,
  author = 	 {A.~Birk and S.~Carpin},
  title = 	 {Merging occupancy grids from multiple robots},
  journal = 	 {Proceedings of the IEEE},
  year = 	 {2006},
  volume =	 {94},
  number =	 {7},
  pages =	 {1384-1397}
}

