@Article{Knipp1,
  author = 	 {H. Stiebig and R.A. Street and D.Knipp and M.Krause and J. Ho},
  title = 	 {Vertically integrated thin film color sensor arrays for advanced sensing applications},
  journal = 	 {Appl. Phys. Lett.},
  year = 	 {2006},
  OPTkey = 	 {},
  volume = 	 {88},
  OPTnumber = 	 {},
  pages = 	 {013509},
  OPTmonth = 	 {},
  OPTnote = 	 {},
  OPTeprint =	 {},
  OPTannote = 	 {}
}

@Article{Knipp2,
  author = 	 {H. Stiebig and D. Knipp and E. Bunte},
  title = 	 {Standing wave spectrometer},
  journal = 	 {Appl. Phys. Lett.},
  year = 	 {2006},
  OPTkey = 	 {},
  volume = 	 {88},
  OPTnumber = 	 {},
  pages = 	 {083509},
  OPTmonth = 	 {},
  OPTnote = 	 {},
  OPTeprint =	 {},
  OPTannote = 	 {}
}

@Article{Knipp3,
  author = 	 {D. Knipp and R.A. Street and H. Stiebig and M. Krause and J.-P. Lu and S. Ready and J. Ho},
  title = 	 {Color Aliasing free Thin-Film sensor Array},
  journal = 	 {Sensors and Actuators A: Physical},
  year = 	 {2006},
  OPTkey = 	 {},
  volume = 	 {128},
  number = 	 {2},
  pages = 	 {333},
  OPTmonth = 	 {},
  OPTnote = 	 {},
  OPTeprint =	 {},
  OPTannote = 	 {}
}

@Article{Knipp4,
  author = 	 {D. Knipp and R.A. Street and H. Stiebig and M. Krause and J.-P. Lu and S. Ready and J. Ho},
  title = 	 {Vertically integrated thin film color sensor arrays for imaging applications},
  journal = 	 {Optics Express},
  year = 	 {2006},
  key = 	 {},
  volume = 	 {14},
  OPTnumber = 	 {},
  pages = 	 {3106},
  OPTmonth = 	 {},
  OPTnote = 	 {},
  OPTeprint =	 {},
  OPTannote = 	 {}
}

@Article{Knipp5,
  author = 	 {D. Knipp and T. Muck and A. Benor and V. Wagner},
  title = 	 {Environmental Stability and electronic transport of Pentacene Thin Film Transistors},
  journal = 	 {J. of Non-Cryst. Solids},
  year = 	 {2006},
  OPTkey = 	 {},
  volume = 	 {352},
  number = 	 {9-20},
  pages = 	 {1774},
  OPTmonth = 	 {},
  OPTnote = 	 {},
  OPTeprint =	 {},
  OPTannote = 	 {}
}

@Article{Knipp6,
  author = 	 {D. Knipp and R.A. Street and H. Stiebig and M. Krause and J.-P. Lu and S. Ready and J. Ho},
  title = 	 {Vertically integrated amorphous silicon color sensor Arrays},
  journal = 	 {IEEE Trans. Electron Devices},
  year = 	 {2006},
  OPTkey = 	 {},
  volume = 	 {53},
  number = 	 {7},
  pages = 	 {1551},
  OPTmonth = 	 {},
  OPTnote = 	 {},
  OPTeprint =	 {},
  OPTannote = 	 {}
}

@Article{Knipp7,
  author = 	 {K.-Y. Chan and E. Bunte and H. Stiebig and D. Knipp},
  title = 	 {Influence of contact effects on the performance of nanocrystalline silicon Thin-Film Transistors},
  journal = 	 {Appl. Phys. Lett.},
  year = 	 {2006},
  OPTkey = 	 {},
  volume = 	 {89},
  OPTnumber = 	 {},
  pages = 	 {203509},
  OPTmonth = 	 {},
  OPTnote = 	 {},
  OPTeprint =	 {},
  OPTannote = 	 {}
} 


@Article{Knipp8,
  author = 	 {A. Benor and V. Wagner and D. Knipp},
  title = 	 {Micro Contact Printing and selective surface dewetting for large area electronic applications},
  journal = 	 {Thin Solid Films},
  year = 	 {2006},
  OPTkey = 	 {},
  volume = 	 {in print},
  OPTnumber = 	 {},
  OPTpages = 	 {},
  OPTmonth = 	 {},
  OPTnote = 	 {},
  OPTeprint =	 {},
  OPTannote = 	 {}
} 

@Article{Knipp9,
  author = 	 {D. Knipp and A. Benor and V. Wagner and T. Muck},
  title = 	 {Influence of impurities and structural properties on the device stability of pentacene Thin Film Transistors},
  journal = 	 {J. Apply. Phys.},
  year = 	 {2006},
  OPTkey = 	 {},
  volume = 	 {in print},
  OPTnumber = 	 {},
  OPTpages = 	 {},
  OPTmonth = 	 {},
  OPTnote = 	 {},
  OPTeprint =	 {},
  OPTannote = 	 {}
} 

@InProceedings{Knipp10,
  author = 	 {M.Z. Afgani and H. Haas and H. Elgala and D. Knipp},
  title = 	 {Visible Light Communication Using OFDM},
  OPTcrossref =  {},
  OPTkey = 	 {},
  booktitle = {Proc. of 2nd International IEEE/Create-Net Conference on Testbeds and Research Infrastructures for the Development of Networks and Communities},
  pages = 	 {6},
  year = 	 {2006},
  OPTeditor = 	 {},
  OPTvolume = 	 {},
  OPTnumber = 	 {},
  OPTseries = 	 {},
  OPTaddress = 	 {},
  OPTmonth = 	 {},
  OPTorganization = {},
  OPTpublisher = {},
  OPTnote = 	 {},
  OPTeprint =	 {},
  OPTannote = 	 {}
}

@InBook{Knipp11,
  author = 	 {D. Knipp and S. Rampu},
  title = 	 {Introduction to Organic Electronic and Optoelectronic Materials and Devices},
  chapter = 	 {Organic Molecular Field Effect Transistor ``FET'' Materials and Devices},
  publisher = 	 {CRC Press},
  year = 	 {2006},
  OPTkey = 	 {},
  OPTvolume = 	 {},
  OPTnumber = 	 {},
  OPTseries = 	 {},
  OPTtype = 	 {},
  OPTaddress = 	 {},
  OPTedition = 	 {},
  OPTmonth = 	 {},
  OPTpages = 	 {},
  OPTnote = 	 {},
  OPTannote = 	 {}
}
