%------------------------------------------------------------------------------
% Title of proceedings and transactions books
% H. Haas
%------------------------------------------------------------------------------
@string{umts00 = {Proceedings of the UMTS 2000 Conference}}
@string{ist05 = {Proceedings of the 14th {IST} Mobile \& Wireless Communications Summit }}


% International OFDM Workshop 
@String{OfdmWshp05 = {Proceedings of the 10th International OFDM Workshop {InOWo'05}}}


@String{icc04 = {Proceedings of the International Conference on Communications {ICC'04}}}
@String{icc00 = {Proceedings of the International Conference on Communications {ICC'00}}}
@String{icc99 = {Proceedings of the International Conference on Communications {ICC'99}}}
@String{icc92 = {Proceedings of the International Conference on Communications {ICC'92}}}

@String{compcom97 = {Proceedings of the 1997 2nd IEEE Symposium on Computers and Communications}}
@String{icpwc97 = {Proceedings of the 1997 International Conference on Personal Wireless Communications}}
@String{ieepc21st = {Colloquium on Personal Communications in the 21st Century part I and II, ref. no. 1998/214 and 1998/242}}
@string{hpdc97       =  "Proceedings of the 1997 6th IEEE
		         International Symposium on High Performance
		         Distributed Computing"}
@string{milcom92 =      " {MILCOM'92}"}
@STRING{isssta00     =  "Proceedings of the IEEE 6th International Symposium on Spread Spectrum \
		         Techniques and Applications, ISSSTA'00"}
@STRING{isssta98     =  "Proceedings of the IEEE Fifth International Symposium on Spread Spectrum \
		         Techniques and Applications, ISSSTA'98"}
@STRING{isssta96     =  "Proceedings of the 1996 4th International Symposium on Spread Spectrum \
		         Techniques and Applications, ISSSTA'96"}
@STRING{isssta94     =  "Proceedings of the 1994 3rd International Symposium on Spread Spectrum \
		         Techniques and Applications, ISSSTA'94"}
@string{icupc98 =       "Proceedings of the International
		         Conference on Universal Personal Communications
                        {ICUPC '98}"}
@string{icupc97 =       "Proceedings of the 1997 IEEE 6th International
		         Conference on Universal Personal Communications
                        {ICUPC '97}"}

@string{icupc95 =       "Proceedings of the 1995 4th {IEEE} International
		         Conference on Universal Personal Communications
		         {ICUPC '95}"}

@string{icupc94 =       "Proceedings of the 1994 3rd Annual International Conference on 
                            Universal Personal Communications {ICUPC '94}"}

@string{pimrc05 =       "Proceedings of the 16th International Symposium on Personal, Indoor and Mobile Radio Communications (PIMRC 2005)"}

@string{pimrc01 =       "Proceedings of the International Symposium on Personal, Indoor and Mobile Radio Communications (PIMRC 2001)"}

@string{pimrc00 =       "Proceedings of the International Symposium on
		         Personal, Indoor and Mobile Radio Communications {PIMRC 2000}"}

@string{pimrc99 =       "Proceedings of the 10th International Symposium on
		         Personal, Indoor and Mobile Radio Communications {PIMRC '99}"}
@string{pimrc98 =       "Proceedings of the 1998 International Symposium on
		         Personal, Indoor and Mobile Radio Communications {PIMRC 98}"}

%@string{pimrc97 =       "Proceedings of the 1997 International Symposium on
%		         Personal, Indoor and Mobile Radio Communications {PIMRC 97}"}
@string{pimrc96 =       "Proceedings of the 1996 7th {IEEE} {I}nternational {S}ymposium
		         on Personal, Indoor and Mobile Radio Communications
		         {PIMRC'96}"}
@string{pimrc95 =       "Proceedings of the 1995 6th {IEEE} International Symposium
		         on Personal, Indoor and Mobile Radio Communications
		         {PIMRC'95}"}
@STRING{vtcbt  =        "Proceedings of the International Conference\
		         on Vehicular Technology"}
@string{vtc04-s =         "Proceedings of the IEEE Vehicular
		         Technology Conference (VTC 2004-Spring)"}
@string{vtc03-s =         "Proceedings of the IEEE Vehicular
		         Technology Conference (VTC 2003-Spring)"}
@string{vtc02 =         "Proceedings of the IEEE Vehicular Technology Conference (VTC 2002-Fall)"}
@string{vtc01-s =         "Proceedings of the 2001 IEEE 53rd Vehicular
		         Technology Conference"}
@string{vtc00 =         "Proceedings of the Vehicular
		         Technology Conference"}
@string{vtc00-s =         "Proceedings of the 2000 IEEE 51st Vehicular
		         Technology Conference"}
@string{vtc99-s =         "Proceedings of the 1999  {IEEE} Vehicular
		         Technology Conference"}
@string{vtc99 =         "Proceedings of the 1999 50th {IEEE} Vehicular
		         Technology Conference"}
@string{vtc98 =         "Proceedings of the 1998 48th {IEEE} Vehicular
		         Technology Conference"}
@string{vtc97 =         "Proceedings of the 1997 47th {IEEE} Vehicular
		         Technology Conference"}
@string{vtc95 =         "Proceedings of the 1995 {IEEE} 45th Vehicular
		         Technology Conference"}
@string{vtc94 =         "Proceedings of the 1994 {IEEE} 44th Vehicular
		         Technology Conference"}
@string{vtc90 =         "Fortieth {IEEE} Vehicular Technology Conference"}
@string{vtc89 =         "Proceedings of the 1989 {IEEE} Vehicular Technology Conference"}
@string{glbcom99 =      "Proceedings of the 1999 Global
		         Communications Conference -- (GLOBECOM)"}
@string{glbcom94 =      "Proceedings of the 1994 {IEEE} Global
		         Communications Conference -- {GLOBECOM'94}"}
@string{pacrimc95 =     "Proceedings of the 1995 {IEEE} Pacific {RIM}
		         Conference on Communications, Computers, and Signal Processing"}
@STRING{athos94 =       "Proceedings of ATHOS 94"}
@STRING{spainhos95 =    "IEEE Signal Processing ATHOS Workshop on
		         Higher--Order Statistics"}
@STRING{tahoe93 =       "IEEE Signal Processing Workshop on Higher--Order Statistics"}
@STRING{ssap96 =        "IEEE Signal Processing Workshop on Statistical
		         Signal and Array Processing"}
@STRING{vail89 =        "Signal Processing Workshop on Higher--Order Spectra"}
@STRING{rasd94 =        "Proceedings of the 5th International Conference on
		         Recent Advances in Structural Dynamics"}
@STRING{greece95 =      "Proceedings of the 1995 IEEE Workshop on Nonlinear
		         Signal and Image Processing"}
@STRING{eleclet=        "Electronics Letters"}
@STRING{ieecolloqhos=   "IEE Colloquium on 'Higher Order Statistics in
		         Signal Processing : Are they of any use ?' Digest 1995/111"}
@STRING{asilomar27=     "Proceedings of the 27th Asilomar Conference on
		         Signals, Systems and Computers"}
@STRING{asilomar28=     "Proceedings of the 28th Asilomar Conference on
		         Signals, Systems and Computers"}
@STRING{asilomar29=     "Proceedings of the 29th Asilomar Conference on
		         Signals, Systems and Computers"}
@STRING{asilomar=       "Proceedings of the Asilomar Conference on
		         Signals, Systems and Computers"}
@STRING{eusipco92 =     "Proceedings of EUSIPCO--92, Sixth European
		         Signal Processing Conference"}
@STRING{eusipco94 =     "Proceedings of EUSIPCO--94, Seventh European
		         Signal Processing Conference"}
@STRING{eusipco96 =     "Proceedings of EUSIPCO--96, Eighth European
		         Signal Processing Conference"}
@STRING{ieeprocvisp =   "IEE Proceedings -- Vision Image Signal Processing"}
@STRING{ieeprocf =      "Proceedings--F of the IEE : Radar and Signal Processing"}
@STRING{ieeproci =      "Proceedings--I of the IEE"}
@STRING{iee95speech =   "Proceedings of the IEE Colloquium on Speech and
		         Image Processing"}
@STRING{iee94speech =   "Proceedings of the IEE Colloquium on Techniques
		         in Speech Processing"}
@STRING{iee95hos =      "Proceedings of the IEE Colloquium on Higher Order 
		         Statistics"}
@STRING{ieeeaudi =      "IEEE Transactions on Audio and Electroacoustics"}
@STRING{ieeebrod =      "IEEE Transactions on Broadcasting"}
@STRING{ieeecirc =      "IEEE Transactions on Circuits and Systems"}
@STRING{ieeecasii =     "IEEE Transactions on Circuits and Systems II:
		          Analog and Digital Signal Processing"}
@STRING{ieeewcom =       "IEEE Transactions on Wireless Communications"}
@STRING{ieeemult =       "IEEE Transactions on Multimedia"}
@STRING{ieeecom =       "IEEE Transactions on Communications"}
@STRING{ieeefs =        "IEEE Transactions on Fuzzy Systems"}
@STRING{ieeegeo =       "IEEE Transactions on Geoscience and Remote Sensing"}
@STRING{ieeeit =        "IEEE Transactions on Information Theory"}
@STRING{ieeenn =        "IEEE Transactions on Neural Networks"}
@STRING{ieeeocean =     "IEEE Transactions on Ocean Engineering"}
@STRING{ieeeplasma =    "IEEE Transactions on Plasma Science"}
@STRING{ieeesp =        "IEEE Transactions on Signal Processing"}
@STRING{ieeesmcb =      "IEEE Transactions on System Man and Cybernatics -- Part--B: Cybernatics"}
@STRING{ieeesplet =     "IEEE Signal Processing Letters"}
@STRING{ieeesanda =     "IEEE Transactions on Speech and Audio
		         Processing"}
@STRING{ieeespanda =    "IEEE Transactions on Speech and Audio
		          Processing"}
@STRING{ieeece =        "IEEE Transactions on Consumer Electronics"}
@STRING{ieeesysmancyb = "IEEE Transactions on Systems, Man and
		         Cybernetics"}
@STRING{ieeevt =        "IEEE Transactions on Vehicular Technology"}
@STRING{ieeeassp =      "IEEE Transactions on Acoustics, Speech and Signal Processing"}
@STRING{ioa =           "Proceedings of the Institute of Acoustics"}
@STRING{procrslondon =  "Proceedings of the Royal Society of London"}
%
% IEEE
%
@STRING{ieeeproc =      "Proceedings of the IEEE"}
@STRING{ieee =          "IEEE"}
%
% IEICE (Japan)
%
@STRING{ieicefund = "{IEICE} {T}ransactions : {F}undamentals"}
@STRING{ieicecom =  "{IEICE} {T}ransactions : {C}ommunications"}

%
% IEE 
%
@STRING{iee =       "IEE"}
@STRING{ieeprocc   = "IEE Proceedings -- Communication"}
@STRING{ieeprocf   = "Proceedings--F of the IEE : Radar and Signal Processing"}
@STRING{ieeproc    = "Proceedings of the IEE"}
@STRING{iee_el     = "IEE Electronics Letters"}
@string{ieecoll    = "IEE {C}olloquium (Digest)"}

%------------------------------------------------------------------------------
% adresses of conferences 
%------------------------------------------------------------------------------
@string{OfdmWshp05address = {Hamburg, German}}
@string{umts00address = {Barcelona, Spain}}
@string{ist05address = {Dresden, Germany}}
@string{hpdc97address = "Portland, OR, USA"}
@String{compcom97address = {Alexandria, Egypt}}
@String{icpwc97address = {Mumbay, India}}
@STRING{isit94address = "Trodheim, Norway"}
@STRING{icphs95address = "Stockholm, Sweden"}
@STRING{icfs96address = "New Orlans, LA, USA"}
@STRING{eusipco92address = "Brussels, Belgium"}
@string{pacrimc95address = "Victoria, Canada"}
@STRING{icassp87address = ""}
@STRING{icassp88address = "New York, USA"}
@STRING{icassp89address = ""}
@STRING{icassp90address = ""}
@STRING{icassp91address = "Toronto, Canada"}
@STRING{icassp92address = "San Francisco, USA"}
@STRING{icassp93address = "Minneapolis, USA"}
@STRING{icassp94address = "Australia"}
@STRING{icassp95address = "Detroit, USA"}
@STRING{icassp97address = "Munich, Germany"}
@STRING{icc04address = "Paris, France"}
@STRING{icc91address = "Denver, USA"}
@STRING{icc92address = "Chicago, IL, USA"}
%milcom
@string{milcom92address = "San Diego, USA"}

% vtc
@STRING{vtc04-saddress = "Milan, Italy"}
@STRING{vtc03-saddress = "Jeju, Korea"}
@STRING{vtc02address = "Vancouver, Canada"}
@STRING{vtc01-saddress = "Rhodes, Greece"}
@STRING{vtc00address = "Boston, USA"}
@STRING{vtc00-saddress = "Tokyo, Japan"}
@STRING{vtc99address = "Amsterdam, The Netherlands"}
@STRING{vtc99-saddress = "Houston, Texas, USA"}
@STRING{vtc98address = "Ottawa, Canada"}
@STRING{vtc97address = "Phoenix, Arizona, USA"}
@string{vtc95address = "Chicago, USA"}
@STRING{vtc94address = "San Francisco, USA"}
@string{vtc90address = "Orlando, USA"}
@STRING{vtc89address = "San Francisco, USA"}

% GLOBECOM
@string{glbcom99address = "Rio de Janeiro, Brazil"}
@string{glbcom94address = "San Francisco, USA"}

% PIMRC
@STRING{pimrc05address = "Berlin, Germany"}
@STRING{pimrc01address = "San Diego, Ca, USA"}
@STRING{pimrc00address = "London, UK"}
@STRING{pimrc99address = "Osaka, Japan"}
@STRING{pimrc98address = "Boston, USA"}
@STRING{pimrc97address = "Helsinki, Finland"}
@string{pimrc96address = "Taipei, Taiwan"}
@STRING{pimrc95address = "Toronto, Canada"}

% ICUPC
@STRING{icupc98address = "Florence, Italy"}
@STRING{icupc97address = "San Diego, USA"}
@string{icupc96address = ""}
@string{icupc95address = "Tokyo, Japan"}
@string{icupc94address = "San Diego, CA, USA"}

% ICC
@string{icc00address =  "New Orleans, USA"}
@string{icc99address =  "Vancouver, Canada"}
@string{icc92address =  "Chicago, IL, USA"}

% ISSSTA
@string{isssta00address= "New Jersey, USA"}
@string{isssta98address= "Sun City, South Africa"}
@string{isssta96address= "Mainz, Germany"}
@string{isssta94address = "Oulu, Finland"}

%Pacific RIM
string{pacrimc95address = "Victoria, Canada"}

%------------------------------------------------------------------------------
% dates of conferences 
%------------------------------------------------------------------------------

@string{OfdmWshp05date = {August 31 -- September 1}}
@string{umts00date = {October 11--13}}
@string{ist05date = {June 19--23}}
@string{icc04date = {June 20--24}}
@string{icc00date = {June 18--22}}
@string{icc99date = "June 6--10"}
@string{icc92date = "June 14--17"}
@string{hpdc97date = "August 5--8"}
@String{compcom97date = {July 1--3}}
@string{milcom92date = "October 11--14"}
@String{icpwc97date = {December 17--19}}
@String{vtc04-sdate = "May 17--19"}
@String{vtc03-sdate = "April 22--25"}
@string{vtc02date = "September 24--29"}
@string{vtc01-sdate = "May 6--9"}
@string{vtc00date = "September 21--24"}
@string{vtc00-sdate = "May 15--18"}
@string{vtc99date = "September 19--22"}
@string{vtc99-sdate = "May 16--19"}
@string{vtc98date = "May 18--21"}
@string{vtc97date = "May 4--7"}
@string{vtc96date = ""}
@string{vtc95date = "July 25--28"}
@string{vtc94date = "June 8--10"}
@string{vtc93date = ""}
@string{vtc92date = "May 10--13"}
@string{vtc91date = ""}
@string{vtc90date = "May 6--9"}
@string{vtc89date = "May 1--3"}

@string{glbcom99date = "December 5 -- 9"}
@string{glbcom94date = "November 28 -- December 2"}

@string{pimrc05date = "September 11 -- 14"}
@string{pimrc01date = "September 30 -- October 3"}
@string{pimrc00date = "September 18--21"}
@string{pimrc99date = "September 12--15"}
@string{pimrc98date = "September 8--11"}
@string{pimrc97date = "September 1--4"}
@string{pimrc96date = "October 15--18"}
@string{pimrc95date = "September 27--29"}

@string{isssta00date = "September 6--8"}
@string{isssta98date = "September 2--4"}
@string{isssta96date = "September 22--25"}
@string{isssta94date = "July"}

@string{icupc98date = "October 5--9"}
@string{icupc97date = "October 12--16"}
@string{icupc96date = ""}
@string{icupc95date = "November 6--10"}		  
@string{icupc94date = "September 27 -- October 1"}		  

@string{pacrimc95date = "May 17--19"}
%------------------------------------------------------------------------------
% abbreviations of conferences 
%------------------------------------------------------------------------------

@STRING{athos="ATHOS"}
@STRING{bttechj="BT Technology Journal"}
@STRING{esca = "ESCA"}
@STRING{eurasip = "Eurasip"}
@STRING{eurasipsp = "Signal Processing (Eurasip)"}
@STRING{eurospeech91 = "Eurospeech '91"}
@STRING{eurospeech93 = "Eurospeech '93"}
@STRING{eurospeech95 = "Eurospeech '95"}

%------------------------------------------------------------------------------
% names of conferences and workshops
%------------------------------------------------------------------------------

@STRING{chamrousse91 = "Signal Processing Workshop on Higher-Order 
		  Statistics"}
@STRING{icassp = "International Conference on Acoustics, Speech and
		  Signal Processing"}
@STRING{icc = "International Conference on Communication"}
@STRING{vtc = "Vehicular Technology Conference"}
@STRING{icphs = "International Conference on Phonetic Science"}

%------------------------------------------------------------------------------
% journals and magazines
------------------------------------------------------------------------------

@String{wnetw = {Wireless Networks}}
@STRING{ieeecommag = "IEEE Communications Magazine"}
@STRING{ieeesc = "IEEE Journal on Selected Areas in Communication"}
@STRING{ieeespmag = "IEEE Signal Processing Magazine"}
@STRING{ijbifur = "International Journal of Bifurcation and Chaos"}
@STRING{ijowin = "International Journal of Wireless Information Networks"}
@STRING{jasa = "Journal of the Acoustical Society of America"}
@STRING{jamsa = "Journal of the American Statistical Association"}
@STRING{jaes = "Journal of the Audio Engineering Society"}
@STRING{jflmech = "Journal of Fluid Mechanics"}
@STRING{jgr = "Journal of Geophysical Research"}
@STRING{jrss = "Journal of the Royal Statistical Society"}
@STRING{jrssb = "Journal of the Royal Statistical Society B"}
@STRING{jtsa = "Journal of Time Series Analysis"}
@STRING{jsv = "Journal of Sound and Vibration"}
@STRING{jtsa = "Journal of Time Series Analysis"}
@STRING{mssp = "Mechanical Systems and Signal Processing"}
@STRING{speechcom = "Speech Communication"}
@STRING{ieeproc = "IEE Proceedings: Communications"}
@string{ieeepers = "IEEE Personal Communications"}
@String{wperscom = {Wireless Personal Communications}}

%------------------------------------------------------------------------------
% abbreviations of month names
%------------------------------------------------------------------------------

@STRING{jan="January"}
@STRING{feb="February"}
@STRING{mar="March"}
@STRING{apr="April"}
@STRING{may="May"}
@STRING{jun="June"}
@STRING{jul="July"}
@STRING{aug="August"}
@STRING{sep="September"}
@STRING{oct="October"}
@STRING{nov="November"}
@STRING{dec="December"}

%------------------------------------------------------------------------------
% abbreviations of special places
%------------------------------------------------------------------------------

@STRING{begur = "Begur, Girona, Spain"}
@STRING{berlin = "Berlin, Germany"}
@STRING{california = "California, USA"}
@STRING{chamrousse = "Chamrousse, France"}
@STRING{corfu = "Corfu, Greece"}
@STRING{costabrava = "Costa Brava, Spain"}
@STRING{edinburgh = "Edinburgh, UK"}
@STRING{eduni = "University of Edinburgh, Edinburgh, UK"}
@STRING{florida = "Florida, USA"}
@STRING{imperial = "Imperial College of Science, Technology and
		  Medicine, University of London"}
@STRING{london = "London, UK"}
@STRING{madrid = "Madrid, Spain"}
@STRING{minneapolis = "Minneapolis, USA"}
@STRING{neosmarmaras = "Neos Marmaras, Halkidiki, Greece"}
@STRING{pacificgrove = "Pacific Grove, California, USA"}
@STRING{sanfrancisco = "San Francisco, USA"}
@STRING{tahoe = "Lake Tahoe, California, USA"}
@STRING{trieste = "Trieste, Italy"}
@STRING{vail = "Vail, Colorado, USA"}

%------------------------------------------------------------------------------
% abbreviations of publishers
% H. Haas / 30.1.98
%------------------------------------------------------------------------------

@STRING{wiley = "John Wiley and Sons Inc"}
@string{chart = "Chartwell--{B}ratt"}
@string{ellis = "Ellis {H}orwood {L}imited"}
@string{elsev = "Elsevier {S}cience {P}ublischers {B}.{V}."}
@string{acade = "Academic {P}ress"}
@string{mcgra = "Mc{G}raw--{H}ill"}
@string{kluwe = "Kluwer {A}cademic {P}ublishers"}
@string{artech = "{Artech House}"}
@String{springer = {Springer--Verlag}}
@Comment  LocalWords:  PIMRC pimrc
