@techreport{Jaegeretal1,
  author = {Luko\v{s}evi\v{c}ius, M. and Popovici, D. and Jaeger, H. and Siewert, U.},
  title = {Time Warping Invariant Echo State Networks},
  institution = {International University Bremen},
  year = {2006},
    type = {IUB Technical Report},
    number = {2},
    address = {},
url = {http://www.iu-bremen.de/imperia/md/content/groups/research/techreports/twiesn\_iubtechreport.pdf.}}

@article{Jaegeretal2,
  author = {Jaeger, H. and Luko\v{s}evi\v{c}ius, M. and Popovici, D. and  Siewert, U.},
  title = {Echo State Networks with Leaky Integrator Neurons},
  journal = {Neural Networks},
  year = {2007, to appear}
}


@techreport{Jaeger3,
  author = {Jaeger, H.},
  title = {Generating exponentially many periodic attractors with linearly growing Echo State Networks},
  institution = {International University Bremen},
  year = {2006},
    type = {IUB Technical Report},
    number = {3},
    address = {},
url = {http://www.faculty.iu-bremen.de/hjaeger/pubs/techrep3.pdf}
}