@ARTICLE{Bergholz06:wbqz,
  author = {J. Wittmann and W. Bergholz},
  title = {Wert der Bewertung},
  pages = {38 -- 42},
  year = {2006},
  journal = {Qualit\"at und Zuverl\"assigkeit},
  volume = {51}
}

@ARTICLE{Berholz06:msinpb,
  author = {W. Bergholz},
  title = {Material and Structural Integrity in Nanoelectronics Products and Beyond},
  note = {in press},
  journal = {Int. J. Materials and Structural Integrity}
}

@ARTICLE{Berholz06:bsminii,
  author = {W. Bergholz and B. Weiss and C. Lee},
  title = {Benefits of Standardization in the Microelectronics Industry and its implications for Nanotechnology and other Innovative Industries},
  volume = {IEC Centinary award},
  year = {2006},
  note = {in press}
}
