@InProceedings{SreevalsanNairVanNiewenhuyseHotzLinsenHamann07,
  author = 	 {Jaya Sreevalsan-Nair and Erwin Van Nieuwenhuyse and Ingrid Hotz and Lars Linsen and Bernd Hamann},
  title = 	 {An Interactive Visual Exploration Tool for Northern California's Water Monitoring Network},
  booktitle = 	 {Proceedings of Conference on Visualization and Data         Analysis ({VDA} 2007), Part of {IS}$\&$T/{SPIE} International Symposium on         Electronic Imaging},
  year = 	 {2007},
  editor = 	 {Robert F.~Erbacher and Katy B{\"o}rner and Matti Gr{\"o}hn and Jonathan C.~Roberts},
  volume = 	 {6495},
  publisher = {SPIE - The International Society for Optical Engineering},
  note = 	 {in press}
}

@Article{LinsenLoecherbachBerthBernhardtBecher06,
  author = 	 {Lars Linsen and Julia L{\"o}cherbach and Matthias Berth and J{\"o}rg Bernhardt and D{\"o}rte Becher},
  title = 	 {Visual Analysis of Gel-free Proteome Data},
  journal = 	 {IEEE Transactions on Visualization and Computer Graphics},
  year = 	 {2006},
  volume = 	 {12},
  number = 	 {4},
  pages = 	 {497--508}
}

@Article{ParkLinsenKreylosOwensHamann06,
  author = 	 {Sung Park and Lars Linsen and Oliver Kreylos and John D.~Owens and Bernd Hamann},
  title = 	 {Discrete Sibson Interpolation},
  journal = 	 {IEEE Transactions on Visualization and Computer Graphics},
  year = 	 {2006},
  volume = 	 {12},
  number = 	 {2},
  pages = 	 {243--253}
}

@InProceedings{RosenthalLinsen06,
  author = 	 { Paul Rosenthal and Lars Linsen},
  title = 	 {Direct Isosurface Extraction from Scattered Volume Data},
  booktitle = 	 {Data Visualization, Proceedings of {EuroVis} 2006 (Eurographics / {IEEE} {VGTC}  Symposium on Visualization)},
  pages = 	 {99--106,367},
  year = 	 {2006},
  editor = 	 {Beatriz Sousa Santos and Thomas Ertl and Kenneth I.~Joy},
  publisher = {Eurographics Association}
}

@InProceedings{ParkYuHotzLinsenHamann06,
  author = 	 {Sung Park and Hongfeng Yu and Ingrid Hotz and Lars Linsen and Bernd Hamann},
  title = 	 {Structure-accentuating Dense Flow Visualization},
  booktitle = 	 {Data Visualization, Proceedings of {EuroVis} 2006 (Eurographics / {IEEE} {VGTC}  Symposium on Visualization)},
  pages = 	 {163--170,369},
  year = 	 {2006},
  editor = 	 {Beatriz Sousa Santos and Thomas Ertl and Kenneth I.~Joy},
  publisher = {Eurographics Association}
}

@InProceedings{SreevalsanNairLinsenHamann06,
  author = 	 {Jaya Sreevalsan-Nair and Lars Linsen and and Bernd Hamann},
  title = 	 {Exact Dual Contouring Based on Ray Intersection},
  booktitle = 	 {Proceedings of International Conference on Computer Graphics         Theory and Applications ({GRAPP} '06)},
  pages = 	 {34--42},
  year = 	 {2006},
  editor = 	 {J. Braz and J.A.P. Jorge and M. Diaz and A. Marcos},
  publisher = {Institute for Systems and Technologies of Information, Control and Communication (INSTICC) Press}
}

@InProceedings{VivodtzevWileyLinsenJonesAmentaHamannJoy06,
  author = 	 {Fabien Vivodtzev and David~F. Wiley and Lars Linsen and James Jones and Nina Amenta and Bernd Hamann and Kenneth~I. Joy},
  title = 	 {Automatic Feature-based Surface Mapping},
  booktitle = 	 {Proceedings of Conference on Visualization and Data         Analysis ({VDA} 2006), Part of {IS}$\&$T/{SPIE} International Symposium on         Electronic Imaging},
  year = 	 {2006},
  editor = 	 {Robert F.~Erbacher and Jonathan C.~Roberts and Katy B{\"o}rner and Matti Gr{\"o}hn},
  volume = 	 {6060},
  publisher = {SPIE - The International Society for Optical Engineering}
}

@InProceedings{EichbergerPerryWakerHastingsLinsenFrank06,
  author = 	 {German Eichberger and Cameron N.~Perry and H.J.~Walker and Phil Hastings and Lars Linsen and Lawrence R.~Frank},
  title = 	 {Interactive 3D Graphics for Web-based Data Analysis and Visualization for the Digital Fish Library ({DFL})},
  booktitle = 	 {{SIGGRAPH} 2006 Research Posters},
  year = 	 {2006}
}

@Article{LinsenHamannJoy06,
  author = 	 {Lars Linsen and Bernd Hamann and Kenneth I.~Joy},
  title = 	 {Wavelets for adaptively refined $\sqrt[3]{2}$-subdivision meshes},
  journal = 	 {International Journal of Computers and Applications, ACTA Press},
  year = 	 {2006},
  note = 	 {in press}
}
