@InProceedings{HS06,
  author =       "M. Harvan and J. Sch{\"o}nw{\"a}lder",
  title =        "{Prefix- and Lexicographical-order-preserving IP                  Address Anonymization}",
  booktitle =    "10th IEEE/IFIP Network Operations and Management
                 Symposium",
  year =         "2006",
  pages =        "519--526",
  month =        apr,
  place =        "Vancouver",
}

@InProceedings{MS06,
  author =       "V. Marinov and J. Sch{\"o}nw{\"a}lder",
  title =        "{Performance Analysis of SNMP over SSH}",
  booktitle =    "Proc. DSOM 2006",
  publisher =    "Springer LNCS 4269",
  address =      "Dublin",
  month =        oct,
  year =         "2006",
  pages =        "25--36",
}

@InProceedings{BENB07,
  author =       "V. Balan and L. Eggert and S. Niccolini and M.
                 Brunner",
  title =        "{An Experimental Evaluation of Voice Quality over the                  Datagram Congestion Control Protocol}",
  booktitle =    "Proc. 26th IEEE INFOCOM 2007",
  publisher =    "IEEE",
  months =       may,
  year =         "2007",
}

@InProceedings{PSHSM07,
  author =       "A. Pras and J. Sch{\"o}nw{\"a}lder and M. Harvan and
                 J. Schippers and R. van de Meent",
  title =        "{SNMP Traffic Analysis: Approaches, Tools, and First                  Results}",
  booktitle =    "Proc. 10th IFIP/IEEE International Symposium on
                 Integrated Network Management",
  month =        may,
  year =         "2007",
}

@InProceedings{DKPM07,
  author =       "Y. Diao and A. Keller and S. Parekh and V. Marinov",
  title =        "{Predicting Labor Cost through IT Management                  Complexity Metrics}",
  booktitle =    "Proc. 10th IFIP/IEEE International Symposium on
                 Integrated Network Management",
  month =        may,
  year =         "2007",
}

@InBook{Sch07,
  author =       "J. Sch{\"o}nw{\"a}lder",
  title =	 "Handbook of Network and System Administration",
  chapter =      "{Internet Management Protocols}",
  publisher =	 "Elsevier",
  year =         "2007",
}

@TechReport{RFC4789,
  author =       "J. Sch{\"o}nw{\"a}lder and T. Jeffree",
  title =        "{Simple Network Management Protocol (SNMP) over IEEE                  802 Networks}",
  institution =  "International University Bremen, Consultant",
  type =         "RFC",
  number =       "4789",
  month =	 nov,
  year =         "2006",
}
