@Book{ortmanns0,
  author =   {Meyer-Ortmanns, H. and Reisz, T.},
  title =    {Principles of Phase Structures in Particle Physics},
  publisher =    {World Scientific, Singapore},
  year =     {2006},
  pages =    {1-682}
}

@Article{ortmanns1,
     author    = {Radicchi, F. and Vilone, D. and Yoon, S. and Meyer-Ortmanns, H.
                  },
     title     = {Reducing Frustration in Spin Systems: Social Balance as a Satisfiability Problem of Computer Science },
     journal   = {to be published in Phys. Rev.E},
     volume    = {},
     year      = {2006},
     pages     = {1-20},
     eprint    = {cond-mat/0608031}
}
@Article{ortmanns2,
     author    = {Radicchi, F. and Vilone, D. and Meyer-Ortmanns, H.
                  },
     title     = {Universality class of triad dynamics on a triangular lattice},
     journal   = {submitted to Phys.Rev.E},
     pages     = {1-9},
     year = {2006},
     eprint    = {cond-mat/0610868}
}

@Article{ortmanns3,
     author    = {Radicchi, F. and Meyer-Ortmanns, H.
                  },
     title     = {Entrainment of coupled oscillators on regular networks by pacemakers},
     journal   = {Phys. Rev.},
     volume    = {E73},
     year      = {2006},
     pages     = {36218 1-7},
     eprint    = {cond-mat/0508611}
}
@Article{ortmanns4,
     author    = {Radicchi, F. and Meyer-Ortmanns, H.
                  },
     title     = {Reentrant Synchronization and Pattern Formation in Pacemaker-Entrained Kuramoto Oscillators},
     journal   = {Phys. Rev.},
     volume    = {E74},
     year      = {2006},
     pages     = {026203 1-9},
     eprint    = {cond-mat/0608021}
}
@Article{ortmanns5,
     author    = {Tesileanu, T. and Meyer-Ortmanns, H.
                  },
     title     = {Competiton of languages and their Hamming distance},
     journal   = {Int.J.Mod.Phys.},
     volume    = {C17},
     year      = {2006},
     pages     = {259-277},
     eprint    = {physics/0508229}
}
@Article{ortmanns6,
     author    = {Yook, S. and Meyer-Ortmanns, H.
                  },
     title     = {Synchronization of {R}\"ossler oscillators on scale-free topologies},
     journal   = {Physica },
     volume    = {A371},
     year      = {2006},
     pages     = {781-789},
     eprint    = {cond-mat/0507422}
}
@Article{meyerortmanns1,
     author    = {Radicchi, F. and Vilone, D. and Meyer-Ortmanns, H.
                  },
     title     = {Phase transition between synchronous and asynchronous updating algorithms},
     journal   = {submitted for publication},
     year      = {2006},
     pages     = {1-4},
     eprint    = {cond-mat/0611554}
}
@Article{vilone1,
     author    = {Vilone, D. and Castellano, C. and Politi, P.
                  },
     title     = {Fluctuations and scaling in models for particle aggregation},
     journal   = {Surf. Sci.},
     volume    = {600},
     year      = {2006},
     pages     = {2392},
     eprint    = {cond-mat/0511380}
}
