@InProceedings{Brix1,
  author = 	 {Mayer, K. and  Schwartz, S. and Lentze, M.J. and Kalff, J.C. and Brix, K.},
  title = 	 "{Extracellular localization of intestinal cathepsins: Implications for their actions during post-operative ileus}",
  OPTcrossref =  {},
  OPTkey = 	 {},
  booktitle = "{41st Congress of the European Scoiety for Surgical Research  - ESSR 2006}",
 	pages = 	 {63-66},
  year = 	 {2006},
  OPTeditor = 	 {},
  volume = 	 {G517C0029},
  OPTnumber = 	 {},
  OPTseries = 	 {},
     address = 	 {Rostock, Germany},
  OPTmonth = 	 {May 17-20},
  organization = {},
  publisher = {MEDIMOND S.r.l.},
  OPTnote = 	 {},
  OPTeprint =	 {},
  OPTannote = 	 {}
}

@InProceedings{Brix2,
  author = 	 {Mayer, K. and Qu, H. and  Dunkhorst, A. and Settu, L. and  Reinheckel, T. and Wehner, S. and Kalff, J.  and Brix, K.},
  title = 	 "{Cathepsins and their significance in intestine trauma}",
  OPTcrossref =  {},
  OPTkey = 	 {},
  booktitle = "{5th International Conference on Cysteine Proteinases and their Inhibitors: From Structure to Regulation and Biology}",
  pages = 	 {55},
  year = 	 {2006},
  editor = 	 {Marko Dolinar and Boris Turk},
  volume = 	 {ISBN 961-6303-80-5},
  OPTnumber = 	 {},
  OPTseries = 	 {},
     address = 	 {Portoroz, Slovenia},
  OPTmonth = 	 {},
  organization = {Ljubljana, Jozef Stefan Institute},
  OPTpublisher = {},
  OPTnote = 	 {},
  OPTeprint =	 {},
  OPTannote = 	 {}
}




