@article{Rosswog1,
 author = {D.J. Price and S. Rosswog},
 title = {Producing ultra-strong magnetic fields in neutron star mergers},
 journal = {Science},
 year = {2006},
 volume = {312},
 pages = {5774}}

@article{Rosswog2,
 author = {S. Rosswog},
 title = {Fallback accretion in the aftermath of a compact binary merger},
 journal = {accepted for Monthly Notices of the Royal Astronomical Society,
            preprint available as astro-ph/0611440 (2006)},
 year = {},
 volume = {},
 pages = {}}

@INPROCEEDINGS{Rosswog3,
   author = {{Rosswog}, S.},
    title = "{Gamma-ray Bursts and their Central Engines}",
booktitle = {Superdense {QCD} Matter and Compact Stars},
     year = {2006},
   editor = {{Blaschke}, D. and {Sedrakian}, D.},
    pages = {309-329},
   adsurl = {http://adsabs.harvard.edu/cgi-bin/nph-bib_query?bibcode=2006sqmc.conf..309R&db_key=AST},
  adsnote = {Provided by the Smithsonian/NASA Astrophysics Data System}}


@INPROCEEDINGS{Rosswog4,
    author = {R. Brownlee and P. Houston and J. Levesly and S. Rosswog},
     title = "{Enhancing SPH using Moving Least-Squares and Radial Basis                 Functions}",
 booktitle = {Algorithms for Approximation},
      year = {2006},
    editor = {{Iske}, A. and {Levesly}, J.},
     pages = {103-112}}

@INPROCEEDINGS{Rosswog5,
    author = {S. Rosswog},
     title = "{Stellar Encounters with Black Holes}",
 booktitle = {{NIC} Symposium 2006},
      year = {2006},
    editor = {{M\"unster}, G. and {Wolf}, D. and {Kremer}, M.},
     pages = {39-46}}
