@article{Ullrich1,
   Author = {Schenk, A. and Berger, M. and Keith, L.M. and Bender, C.L. and Muskhelishvili, G. and Ullrich, M.S.},
   Title = {{The algT gene of \textit{Pseudomonas syringae} pv. \textit{glycinea} and new insights into the transcriptional organization of the algT-muc gene cluster}},
   Journal = {Journal of Bacteriology},
      Volume = {188},
   Pages = {8013-8021},
 Year = {2006} }

@article{Ullrich2,
   Author = {Laue, H. and Schenk, A. and Li, H. and Lambertsen, L. and Neu, T.R. and Molin, S. and Ullrich, M.S.},
   Title = {{Contribution of alginate and levan production to biofilm formation by \textit{Pseudomonas syringae}}},
   Journal = {Microbiology},
      Volume = {152},
   Pages = {2909-2918},
 Year = {2006} }

@article{Ullrich3,
   Author = {Goyer, C. and Ullrich, M.S.},
   Title = {{Identification of low-temperature-regulated genes in the fire blight pathogen \textit{Erwinia amylovora}}},
   Journal = {Canadian Journal of Microbiology},
   Volume = {52},
   Pages = {468-475},
 Year = {2006} }

@article{Ullrich4,
   Author = {Li, H. and Schenk, A. and Srivastava, A. and Zhurina, D. and Ullrich, M.S.},
   Title = {{Thermo-responsive expression and differential secretion of the extracellular enzyme levansucrase in the plant pathogenic bacterium \textit{Pseudomonas syringae} pv. \textit{glycinea}}},
   Journal = {FEMS Microbiological Letters},
      Volume = {265},
   Pages = {178-185},
 Year = {2006} }

@article{Ullrich5,
   Author = {Landgraf, A. and Weingart, H. and Tsiamis, G. and Boch, J.},
   Title = {{Different versions of \textit{Pseudomonas syringae} pv. \textit{tomato} DC3000 exist due to the activity of an effector transposon}},
   Journal = {Molecular Plant Pathology},
      Volume = {7},
   Pages = {355-364},
 Year = {2006} }

@article{Ullrich6,
   Author = {Ullrich, M.S.},
   Title = {{Molecular approaches in biocontrol of bacterial diseases}},
   Journal = {Mitteilungen der Biologischen Bundesanstalt für Land- und Forstwirtschaft },
      Volume = {408},
   Pages = {187},
 Year = {2006} }

@article{Ullrich7,
   Author = {Wensing, A. and Weingart, H. and Voelksch, B. and Ullrich, M.S.},
   Title = {{Influence of siderophore production on biological control among \textit{Pseudomonas syringae} strains}},
   Journal = {Mitteilungen der Biologischen Bundesanstalt für Land- und Forstwirtschaft },
      Volume = {408},
   Pages = {214-215},
 Year = {2006} }
