@Book{TikhBook1,
  author = 	 {Tikhomirov, V.M.},
  title = 	 {Stories about Maxima and Minima},
  publisher = 	 {MCCME},
  year = 	 {2006},
  address = 	 {Moscow},
  edition = 	 {Second revised},
  note = 	 {199 pages, in Russian}
}

@Book{TikhBook2,
  author = 	 {Arutyunov, A.V. and Magaril-Il'yaev, G.G. and Tikhomirov, V.M.},
  title = 	 {Pontryagin Maximum Principle. Proof and Applications},
  publisher = 	 {Factorial press},
  year = 	 {2006},
  address = 	 {Moscow},
  note = 	 {144 pages, in Russian}
}

@Book{TikhBook3,
  author = 	 {Tikhomirov, V.M.},
  title = 	 {Andrey Nikolaevich Kolmogorov},
  publisher = 	 {Nauka},
  year = 	 {2006},
  address = 	 {Moscow},
  note = 	 {215 pages, in Russian}
}

@Article{TikhArt1,
  author = 	 {Tikhomirov, V. M.},
  title = 	 {Algebra, Analysis, Differential equations (a synthetic
course)},
  journal = 	 {Mathematical Education, Moscow, MCCME},
  year = 	 {2006},
  volume = 	 {10},
  pages = 	 {23--56}
}

@Article{TikhArt2,
  author = 	 {Protasov, V. and Tikhomirov, V.},
  title = 	 {Geometrical Masterpieces of {I.F.~S}harygin},
  journal = 	 {Kvant},
  year = 	 {2006},
  number = 	 {1},
  note = 	 {in Russian}
}

