@Article{BhaDhiKha06,
  author =       {Bhattacharyya, S. and Dhinakaran, S. and Khalili, A.},
  title =        {Fluid motion around and through a porous cylinder},
  journal =      {{Chem. Eng. Sci.}},
  volume =       {61},
  year =         {2006},
  pages =        {4451--4461}
}

@Article{BhaKha06,
  author =     {Bhattacharyya, S. and Dhinakaran, S. and Khalili, A.},
  title  =     {Mobility and mass transfer from permeable sinking spherical 	                 aggregates sinking at a uniform speed},
  journal =    {{J. Fluid Mech.}},
  note =       {submitted},
  year = {2006}
}


@Article{StoKha06,
  author =       {St{\"o}hr, M and Khalili, A.},
  title =        {Dynamic regimes of buoyancy-affected two-phase flow                   in unconsolidated porous media},
  journal =      {{Phys. Rev. E}},
  volume =       {73},
  year =         {2006},
  pages =        {036301-1--036301-8}
}

@Article{BerKha06,
  author =     {P. Bera and Khalili, A.},
  title  =     {Influence of {P}randtl number on the stability of mixed 
                convective flow in a vertical channel filled with a porous 
                medium},
  journal =    {{Phys. Fluids}},
  year =       {2006},
  note =       {accepted}
}
