@Article{Nugent1,
  author =   {Wakchaure, V. N. and Mohanty, R. R. and Shaikh, A. J.and Nugent, T. C.},
  title =    {A One-Pot Asymmetric Sequential Amination-Alkylation Reaction: Expedient Synthesis   of $\alpha$-Alkyl,-Alkyl Substituted Chiral Amines},
  journal =      {European J. Org. Chem},
  year =     {accepted October 2006}
}

@Article{Nugent2,
  author =   {Nugent, T. C. and Ghosh, A. K. and Wakchaure, V. N. and Mohanty, R. R.},
  title =    {Asymmetric Reductive Amination: Convenient Access to Enantioenriched   Alkyl-Alkyl or Aryl-Alkyl Substituted $\alpha$-Chiral Primary Amines},
  journal =      {Adv. Synth. \& Catal.},
  year =     {2006},
  volume = {348},
  pages =  {1289--1299}
}

@Article{Nugent3,
  author =   {Nugent, T. C. and Seemayer, R.},
  title =    {An Efficient Enantiopure Synthesis of a pivotal Precursor to Substance P Antagonists},
  journal =      {Org. Process Res. Dev.},
  year =     {2006},
  volume =    {10},
  pages =     {142--148}
}
