

@Article{Comerford1,
     author    = {Comerford, Mark},
     title     = {Hyperbolic non-autonomous {J}ulia sets},
     journal   = {Ergodic Theory and Dynamical Systems},
     volume    = {26},
     year      = {2006},
     pages     = {353--377}
}


