%all of the references for the Arts and Literature section%

@Book{Amodeo1,
  author = 	 {Amodeo, I},
  ALTeditor = 	 {},
  title = 	 {\textquotedblleft Il gusto melodrammatico\textquotedblright . Eine medienkomparatistische Studie zum Opernhaften},
  publisher = 	 {Bielefeld: Transcript},
  year = 	 {2006},
  OPTkey = 	 {},
  OPTvolume = 	 {},
  OPTnumber = 	 {},
  OPTseries = 	 {},
  OPTaddress = 	 {},
  OPTedition = 	 {},
  OPTmonth = 	 {},
  note = 	 {in press},
  OPTannote = 	 {}
}

@Book{Amodeo2,
  author = 	 {Amodeo, I., \& Erdmann, E. (Eds.)},
  ALTeditor = 	 {},
  title = 	 {Crime \& nation. Political and cultural mappings of criminality in traditional and in new media},
  publisher = 	 {Trier: WVT},
  year = 	 {2006},
  OPTkey = 	 {},
  OPTvolume = 	 {},
  OPTnumber = 	 {},
  OPTseries = 	 {},
  OPTaddress = 	 {},
  OPTedition = 	 {},
  OPTmonth = 	 {},
  note = 	 {in press},
  OPTannote = 	 {}
}


@Book{Wünsche1,
  author = 	 {Botar, O.A.I., \& Wünsche, I. (Eds.) },
  ALTeditor = 	 {},
  title = 	 {Biocentrism and modernism.},
  publisher = 	 {Pittsburgh: Pittsburgh University Press},
  year = 	 {2006},
  OPTkey = 	 {},
  OPTvolume = 	 {},
  OPTnumber = 	 {},
  OPTseries = 	 {},
  OPTaddress = 	 {},
  OPTedition = 	 {},
  OPTmonth = 	 {},
  note = 	 {in press},
  OPTannote = 	 {}
}

@Book{Crowther1,
  author = 	 {Crowther, P.},
  ALTeditor = 	 {},
  title = 	 {Defining art, creating the canon; artistic value in an era of doubt.},
  publisher = 	 {Oxford: Oxford University Press},
  year = 	 {2006},
  OPTkey = 	 {},
  OPTvolume = 	 {},
  OPTnumber = 	 {},
  OPTseries = 	 {},
  OPTaddress = 	 {},
  OPTedition = 	 {},
  OPTmonth = 	 {},
  note = 	 {in press},
  OPTannote = 	 {}
}



@Book{Crowther2,
  author = 	 {Elliot, R.K.},
  ALTeditor = 	 {},
  title = 	 {Aesthetics, imagination, and the unity of experience.},
  publisher = 	 {Ashgate: Aldershot},
  year = 	 {2006},
  OPTkey = 	 {},
  OPTvolume = 	 {},
  OPTnumber = 	 {},
  OPTseries = 	 {},
  OPTaddress = 	 {},
  OPTedition = 	 {},
  OPTmonth = 	 {},
  note = 	 {edited and critically introduced by Paul Crowther, pp. ix - xix, in press},
  OPTannote = 	 {}
}


@Book{Peters1,
  author = 	 {Peters, S., Stierstorfer, K., \& Volkmann, L. (Ed.)},
  ALTeditor = 	 {},
  title = 	 {Drama I, Teaching Contemporary Literature and Culture.},
  publisher = 	 {Trier: WVT},
  year = 	 {2006},
  OPTkey = 	 {},
  OPTvolume = 	 {},
  OPTnumber = 	 {},
  OPTseries = 	 {},
  OPTaddress = 	 {},
  OPTedition = 	 {},
  OPTmonth = 	 {},
  OPTnote = 	 {},
  OPTannote = 	 {}
}


@Book{Peters2,
  author = 	 {Peters, S., Stierstorfer, K., \& Volkmann, L. (Ed.)},
  ALTeditor = 	 {},
  title = 	 {Drama II, Teaching Contemporary Literature and Culture.},
  publisher = 	 {Trier: WVT},
  year = 	 {2006},
  OPTkey = 	 {},
  OPTvolume = 	 {},
  OPTnumber = 	 {},
  OPTseries = 	 {},
  OPTaddress = 	 {},
  OPTedition = 	 {},
  OPTmonth = 	 {},
  OPTnote = 	 {},
  OPTannote = 	 {}
}


@Book{Rommel1,
  author = 	 {Rommel, T.},
  ALTeditor = 	 {},
  title = 	 {50 Klassiker der Weltliteratur. Bücher lesen und verstehen.},
  publisher = 	 {Hamburg: merus},
  year = 	 {2006},
  OPTkey = 	 {},
  OPTvolume = 	 {},
  OPTnumber = 	 {},
  OPTseries = 	 {},
  OPTaddress = 	 {},
  OPTedition = 	 {},
  OPTmonth = 	 {},
  OPTnote = 	 {},
  OPTannote = 	 {}
}



@Book{Rommel2,
  author = 	 {Rommel, T.},
  ALTeditor = 	 {},
  title = 	 {Das Selbstinteresse von Mandeville bis Smith. Ökonomisches Denken in ausgewählten Texten des 18. Jahrhunderts.},
  publisher = 	 {Heidelberg: Winter},
  year = 	 {2006},
  OPTkey = 	 {},
  OPTvolume = 	 {},
  OPTnumber = 	 {},
  OPTseries = 	 {},
  OPTaddress = 	 {},
  OPTedition = 	 {},
  OPTmonth = 	 {},
  OPTnote = 	 {},
  OPTannote = 	 {}
}


@Book{Rommel3,
  author = 	 {Rommel, T.},
  ALTeditor = 	 {},
  title = 	 {Literaturspalten. Bücher lesen und verstehen.},
  publisher = 	 {Hamburg: merus},
  year = 	 {2006},
  OPTkey = 	 {},
  OPTvolume = 	 {},
  OPTnumber = 	 {},
  OPTseries = 	 {},
  OPTaddress = 	 {},
  OPTedition = 	 {},
  OPTmonth = 	 {},
  OPTnote = 	 {},
  OPTannote = 	 {}
}


@Book{Rommel4,
  author = 	 {Rommel, T., \& Schreiber, M.},
  ALTeditor = 	 {},
  title = 	 {Mapping uncertain territories. Space and place in contemporary theatre and drama.},
  publisher = 	 {Trier: WVT},
  year = 	 {2006},
  OPTkey = 	 {},
  OPTvolume = 	 {},
  OPTnumber = 	 {},
  OPTseries = 	 {},
  OPTaddress = 	 {},
  OPTedition = 	 {},
  OPTmonth = 	 {},
  note = 	 {(Contemporary Drama in English; 13).},
  OPTannote = 	 {}
}


@Book{Wünsche2,
  author = 	 {Wünsche , I.},
  ALTeditor = 	 {},
  title = 	 {Galka E. Scheyer \& Die Blaue Vier: Briefwechsel 1924-1945.},
  publisher = 	 {Bern: Benteli},
  year = 	 {2006},
  OPTkey = 	 {},
  OPTvolume = 	 {},
  OPTnumber = 	 {},
  OPTseries = 	 {},
  OPTaddress = 	 {},
  OPTedition = 	 {},
  OPTmonth = 	 {},
  OPTnote = 	 {},
  OPTannote = 	 {}
}

@Book{Wünsche3,
  author = 	 {Wünsche , I.},
  ALTeditor = 	 {},
  title = 	 {Galka E. Scheyer \& The Blue Four: Correspondence 1924-1945.},
  publisher = 	 {Bern: Benteli},
  year = 	 {2006},
  OPTkey = 	 {},
  OPTvolume = 	 {},
  OPTnumber = 	 {},
  OPTseries = 	 {},
  OPTaddress = 	 {},
  OPTedition = 	 {},
  OPTmonth = 	 {},
  OPTnote = 	 {},
  OPTannote = 	 {}
}


@InBook{Amodeo3,
  author = 	 {Amodeo, I.},
  editor = 	 {V. Borso, \& H. Brohm},
  title = 	 {Transkulturation. Literarische und mediale Grenzraume im deutsch-italienischen Kulturkontakt},
  chapter = 	 {Schreiben in mehreren Sprachen: Chiara de Manzini Himmrich - Giuseppe Giambusso - Sonja Guerrera - Piero Salabe},
  publisher = 	 {Bielefeld: Transcript},
  year = 	 {2006},
  OPTkey = 	 {},
  OPTvolume = 	 {},
  OPTnumber = 	 {},
  OPTseries = 	 {},
  OPTtype = 	 {},
  OPTaddress = 	 {},
  OPTedition = 	 {},
  OPTmonth = 	 {},
  OPTpages = 	 {},
  note = 	 {in press},
  OPTannote = 	 {}
}

@Article{Amodeo4,
  author = 	 {Amodeo, I., \& Ortner-Buchberger, C. },
  title = 	 {Viewing Italian colonial cinema: From propaganda machine to collective memory.},
  journal = 	 {Palabres. Art. Litterature. Philosophie.},
  year = 	 {2006},
  OPTkey = 	 {},
  volume = 	 {5},
  number = 	 {1},
  OPTpages = 	 {},
  OPTmonth = 	 {},
  note = 	 {in press},
  OPTeprint =	 {},
  OPTannote = 	 {}
}


@InBook{Amodeo5,
  author = 	 {Amodeo, I.},
  editor = 	 {D. Dumontet \& F. Zipfel},
  title = 	 {Ecriture Migrante / Migrant Writing / Schreiben und Migration.},
  chapter = 	 {Migrant tongues: German - and its others},
  publisher = 	 {Berlin: Erich Schmidt},
  year = 	 {2006},
  OPTkey = 	 {},
  OPTvolume = 	 {},
  OPTnumber = 	 {},
  OPTseries = 	 {},
  OPTtype = 	 {},
  OPTaddress = 	 {},
  OPTedition = 	 {},
  OPTmonth = 	 {},
  OPTpages = 	 {},
  note = 	 {in press},
  OPTannote = 	 {}
}



@InBook{Amodeo6,
  author = 	 {Amodeo, I.},
  editor = 	 {D. Mugnolo},
  title = 	 {TranScrizioni. Percorsi interculturali nella lingua e nella letteratura tedesca.},
  chapter = 	 {Wanderratten e Wolkenhunde: Il gran bazar dell'interculturalita in autori contemporanei di origine non tedesca.},
  publisher = 	 {Roma: Donzelli},
  year = 	 {2006},
  OPTkey = 	 {},
  OPTvolume = 	 {},
  OPTnumber = 	 {},
  OPTseries = 	 {},
  OPTtype = 	 {},
  OPTaddress = 	 {},
  OPTedition = 	 {},
  OPTmonth = 	 {},
  OPTpages = 	 {},
  note = 	 {in press},
  OPTannote = 	 {}
}



@InBook{Amodeo7,
  author = 	 {Amodeo, I.},
  editor = 	 {F. Rinner},
  title = 	 {Identité en métamorphose dans l'écriture contemporaine.},
  chapter = 	 {\textquotedblleft Bel paese\textquotedblright  (ou pas) : Remarques sur les autres littératures italiennes.},
  publisher = 	 {Aix-en-Provence: Publications de l'Université de Provence},
  year = 	 {2006},
  OPTkey = 	 {},
  OPTvolume = 	 {},
  OPTnumber = 	 {},
  OPTseries = 	 {},
  OPTtype = 	 {},
  OPTaddress = 	 {},
  OPTedition = 	 {},
  OPTmonth = 	 {},
  pages = 	 {129--136},
  OPTnote = 	 {},
  OPTannote = 	 {}
}


@InBook{Amodeo8,
  author = 	 {Amodeo, I.},
  editor = 	 {P. Csobádi, G. Gruber, J. Kühnel, U. Müller, O. Panagl, \& F.V. Spechtler},
  title = 	 {Traum und Wirklichkeit in Theater und Musiktheater. Vorträge und Gespräche des Salzburger Symposions 2004.},
  chapter = 	 {\textquotedblleft comme dans l'atmosphère d'un autre monde\textquotedblright . Die Oper in der Literatur als Traum und als Wirklichkeit. Ausgewählte Beispiele. },
  publisher = 	 {Salzburg: Mueller-Speiser},
  year = 	 {2006},
  OPTkey = 	 {},
  OPTvolume = 	 {},
  OPTnumber = 	 {},
  OPTseries = 	 {},
  OPTtype = 	 {},
  OPTaddress = 	 {},
  OPTedition = 	 {},
  OPTmonth = 	 {},
  OPTpages = 	 {49--57},
  OPTnote = 	 {},
  OPTannote = 	 {}
}


@InBook{Amodeo9,
  author = 	 {Amodeo, I.},
  editor = 	 {E. Arendt},
  title = 	 {Histoires inventées.},
  chapter = 	 {\textquotedblleft Il n'est plus question de patrie\textquotedblright : Histoires de migration et leurs configurations esthétiques. De la littérature des auteurs francophones d'origine italienne au Canada. L'exemple d'Antonio D'Alfonso.  },
  publisher = 	 {Frankfurt am Main: Peter Lang},
  year = 	 {2006},
  OPTkey = 	 {},
  OPTvolume = 	 {},
  OPTnumber = 	 {},
  OPTseries = 	 {},
  OPTtype = 	 {},
  OPTaddress = 	 {},
  OPTedition = 	 {},
  OPTmonth = 	 {},
  pages = 	 {83--93},
  OPTnote = 	 {},
  OPTannote = 	 {}
}


@InBook{Amodeo10,
  author = 	 {Amodeo, I.},
  editor = 	 {A. Gnisci},
  title = 	 {Nuovo Planetario italiano. Guida alla letteratura italiana della migrazione.},
  chapter = 	 {La letteratura della migrazione in Germania.},
  publisher = 	 {Rome: Città aperta edizioni},
  year = 	 {2006},
  OPTkey = 	 {},
  OPTvolume = 	 {},
  OPTnumber = 	 {},
  OPTseries = 	 {},
  OPTtype = 	 {},
  OPTaddress = 	 {},
  OPTedition = 	 {},
  OPTmonth = 	 {},
  pages = 	 {1--8},
  OPTnote = 	 {},
  OPTannote = 	 {}
}


@InBook{Amodeo11,
  author = 	 {Amodeo, I.},
  editor = 	 {E. Erdmann, \& K. Schoell},
  title = 	 {Le comique corporel. Mouvement et comique dans l'espace théâtral du XVIIe siècle.},
  chapter = 	 {Le spectacle du corps. Images corporelles du XVIIe siècle au cinéma.},
  publisher = 	 {Tübingen: Gunter Narr Verlag.},
  year = 	 {2006},
  OPTkey = 	 {},
  OPTvolume = 	 {},
  OPTnumber = 	 {},
  OPTseries = 	 {},
  OPTtype = 	 {},
  OPTaddress = 	 {},
  OPTedition = 	 {},
  OPTmonth = 	 {},
  pages = 	 {149--160},
  OPTnote = 	 {},
  OPTannote = 	 {}
}


@InBook{Amodeo12,
  author = 	 {Amodeo, I.},
  editor = 	 {D. Reichardt},
  title = 	 {L'Europa che comincia e finisce: la Sicilia. Approcci transculturali alla letteratura siciliana. Beiträge zur transkulturellen Annäherung an die Literatur Siziliens. Contributions to a transcultural approach to Sicilian literature.},
  chapter = 	 {\textquotedblleft L'isola plurale\textquotedblright : Kulturtheoretische Konzepte in der Essayistik von Gesualdo Bufalino.},
  publisher = 	 {Frankfurt am Main: Peter Lang.},
  year = 	 {2006},
  OPTkey = 	 {},
  OPTvolume = 	 {},
  OPTnumber = 	 {},
  OPTseries = 	 {},
  OPTtype = 	 {},
  OPTaddress = 	 {},
  OPTedition = 	 {},
  OPTmonth = 	 {},
  pages = 	 {179--188},
  OPTnote = 	 {},
  OPTannote = 	 {}
}


@InBook{Birus1,
  author = 	 {Birus, H.},
  editor = 	 {R. Lüdeke, \& I. Mülder-Bach},
  title = 	 {Wiederholen. Literarische Funktionen und Verfahren.},
  chapter = 	 {Beim Wiederlesen von Jacques Derridas \textquotedblleft Schibboleth - pour Paul Celan\textquotedblright .},
  publisher = 	 {Göttingen: Wallstein},
  year = 	 {2006},
  OPTkey = 	 {},
  OPTvolume = 	 {},
  OPTnumber = 	 {},
  OPTseries = 	 {},
  OPTtype = 	 {},
  OPTaddress = 	 {},
  OPTedition = 	 {},
  OPTmonth = 	 {},
  pages = 	 {103--133},
  OPTnote = 	 {= Münchener Komparatistische Studien, vol. 7},
  OPTannote = 	 {}
}


@InBook{Birus2,
  author = 	 {Birus, H.},
  editor = 	 {M. Mayer},
  title = 	 {Also wie sprach Zarathustra? West-östliche Spiegelungen im kulturgeschichtlichen Vergleich.},
  chapter = 	 {\textquotedblleft mein Sohn Zarathustra\textquotedblright : Zur Vorgeschichte einer Namengebung.},
  publisher = 	 {Würzburg: Ergon},
  year = 	 {2006},
  OPTkey = 	 {},
  OPTvolume = 	 {},
  OPTnumber = 	 {},
  OPTseries = 	 {},
  OPTtype = 	 {},
  OPTaddress = 	 {},
  OPTedition = 	 {},
  OPTmonth = 	 {},
  pages = 	 {31--47},
  OPTnote = 	 {= Klassische Moderne, vol. 6},
  OPTannote = 	 {}
}


@InBook{Birus3,
  author = 	 {Birus, H.},
  editor = 	 {D. Felken},
  title = 	 {Ein Buch, das mein Leben verändert hat. Liber amicorum für Wolfgang Beck.},
  chapter = 	 {Von Kaisersaschern nach Pacific Palisades: ein Wegweiser aus dem \textquotedblleft Tal der Ahnungslosen\textquotedblright  in die \textquotedblleft Freie Welt\textquotedblright .},
  publisher = 	 {München: C.H. Beck},
  year = 	 {2006},
  OPTkey = 	 {},
  OPTvolume = 	 {},
  OPTnumber = 	 {},
  OPTseries = 	 {},
  OPTtype = 	 {},
  OPTaddress = 	 {},
  OPTedition = 	 {},
  OPTmonth = 	 {},
  pages = 	 {55--57},
  OPTnote = 	 {},
  OPTannote = 	 {}
}


@InBook{Frohne1,
  author = 	 {Frohne, U.},
  editor = 	 {P. Weibel, K. Buol-Wischenau, \& C. Steinle},
  title = 	 {Peter Weibel. Das offene Werk 1964-1979.},
  chapter = 	 {Détournement als \textquotedblleft verwirklichte Poesie\textquotedblright  - Der Künstler als Kulturaktivist.},
  publisher = 	 {Ostfildern: Hatje Cantz},
  year = 	 {2006},
  OPTkey = 	 {},
  OPTvolume = 	 {},
  OPTnumber = 	 {},
  OPTseries = 	 {},
  OPTtype = 	 {},
  OPTaddress = 	 {},
  OPTedition = 	 {},
  OPTmonth = 	 {},
  pages = 	 {27--35},
  note = 	 {Neue Galerie am Landesmuseum Joanneum Graz},
  OPTannote = 	 {}
}



@InBook{Frohne2,
  author = 	 {Frohne, U.},
  editor = 	 {A.-K. Reulecke},
  title = 	 {Fälschungen. Zu Autorschaft und Beweis in Wissenschaften und Künsten.},
  chapter = 	 {Double Feature: Filmadaptionen in zeitgenössischer Kunst.},
  publisher = 	 {Frankfurt am Main: Suhrkamp},
  year = 	 {2006},
  OPTkey = 	 {},
  OPTvolume = 	 {},
  OPTnumber = 	 {},
  OPTseries = 	 {},
  OPTtype = 	 {},
  OPTaddress = 	 {},
  OPTedition = 	 {},
  OPTmonth = 	 {},
  pages = 	 {364--389},
  OPTnote = 	 {},
  OPTannote = 	 {}
}


@InBook{Frohne3,
  author = 	 {Frohne, U.},
  editor = 	 {A. Jürgens-Kirchhoff},
  title = 	 {Warshots, Krieg - Kunst \& Medien, Publikation der Tagung des Sonderforschungsbereichs 437: Kriegserfahrungen - Krieg und Gesellschaft in der Neuzeit, Schriftenreihe der Guernica-Gesellschaft.},
  chapter = 	 {Media Wars. Strategische Bilder des Krieges.},
  publisher = 	 {Osnabrück: Universitätsverlag},
  year = 	 {2006},
  OPTkey = 	 {},
  OPTvolume = 	 {},
  OPTnumber = 	 {},
  OPTseries = 	 {},
  OPTtype = 	 {},
  OPTaddress = 	 {},
  OPTedition = 	 {},
  OPTmonth = 	 {},
  pages = 	 {161--186},
  OPTnote = 	 {},
  OPTannote = 	 {}
}


@InBook{Hoffmann1,
  author = 	 {Hoffmann, K.},
  editor = 	 {S. Kacunko},
  title = 	 {Kunst- und Bildwissenschaft im Spannungsfeld von Performance und Medienkunst.},
  chapter = 	 {Anwesende Abwesenheit. Kritik und Annäherung an eine bildanthropologische Perspektive in der Medienkunst.},
  publisher = 	 {Berlin: Philo},
  year = 	 {2006},
  OPTkey = 	 {},
  OPTvolume = 	 {},
  OPTnumber = 	 {},
  OPTseries = 	 {},
  OPTtype = 	 {},
  OPTaddress = 	 {},
  OPTedition = 	 {},
  OPTmonth = 	 {},
  OPTpages = 	 {},
  note = 	 {in press},
  OPTannote = 	 {}
}

@InBook{Hoffmann2,
  author = 	 {Hoffmann, K.},
  editor = 	 {S. Kacunko, \& D. Leach},
  title = 	 {Downdate. Publikation zur Medienkunstkonferenz 2006 in Osnabrück.},
  chapter = 	 {Anwesende Abwesenheit. Kritik und Annäherung an eine bildanthropologische Perspektive in der Medienkunst.},
  publisher = 	 {Berlin},
  year = 	 {2006},
  OPTkey = 	 {},
  OPTvolume = 	 {},
  OPTnumber = 	 {},
  OPTseries = 	 {},
  OPTtype = 	 {},
  OPTaddress = 	 {},
  OPTedition = 	 {},
  OPTmonth = 	 {},
  pages = 	 {89--113},
  note = 	 {in press},
  OPTannote = 	 {}
}



@Article{Knorpp1,
  author = 	 {Knorpp, E. },
  title = 	 {Rezension zur Ausstellung Barock im Vatikan (Kunst- und Ausstellungshalle, Bonn)},
  OPTjournal = 	 {},
  year = 	 {2006},
  OPTkey = 	 {},
  OPTvolume = 	 {},
  OPTnumber = 	 {},
  OPTpages = 	 {},
  OPTmonth = 	 {},
  note = 	 {last accessed: January 19, 2006},
  eprint =	 {www.portalkunstgeschichte.de},
  OPTannote = 	 {}
}


@Article{Knorpp2,
  author = 	 {Knorpp, E. },
  title = 	 {Rezension des Ausstellungskatalogs Kunst- und Ausstellungshalle der Bundesrepublik Deutschland [Hrsg.]: Barock im Vatikan. Kunst und Kultur im Rom der Päpste II 1572-1676, Leipzig, 2005 },
  OPTjournal = 	 {},
  year = 	 {2006},
  OPTkey = 	 {},
  OPTvolume = 	 {},
  OPTnumber = 	 {},
  OPTpages = 	 {},
  OPTmonth = 	 {},
  note = 	 {last accessed: February 22, 2006},
  eprint =	 {www.portalkunstgeschichte.de},
  OPTannote = 	 {}
}


@Article{Knorpp3,
  author = 	 {Knorpp, E. },
  title = 	 {Rezension zur Ausstellung \textquotedblleft Für immer und ewig? - The world's most photographed\textquotedblright },
  OPTjournal = 	 {},
  year = 	 {2006},
  OPTkey = 	 {},
  OPTvolume = 	 {},
  OPTnumber = 	 {},
  OPTpages = 	 {},
  OPTmonth = 	 {},
  note = 	 {last accessed: April 18, 2006},
  eprint =	 {www.portalkunstgeschichte.de},
  OPTannote = 	 {}
}


@Article{Knorpp4,
  author = 	 {Knorpp, E. },
  title = 	 {Rezension des Ausstellungskatalogs Max Hollein / Christa Steinle [Hg.]: Religion Macht Kunst. Die Nazarener, Köln: Verlag der Buchhandlung Walther König, 2005. sehepunkte 6 (2006)},
  OPTjournal = 	 {},
  year = 	 {2006},
  OPTkey = 	 {},
  OPTvolume = 	 {},
  OPTnumber = 	 {},
  OPTpages = 	 {},
  OPTmonth = 	 {},
  note = 	 {last accessed: June 15, 2006},
  eprint =	 {www.sehepunkte. de/2006/06/8705.html},
  OPTannote = 	 {}
}


@Article{Knorpp5,
  author = 	 {Knorpp, E. },
  title = 	 {Rezension des Ausstellungskatalogs Gerhard Kolberg [Hg.]: Salvador Dalí. La Gare de Perpignan Pop, Op, Yes-yes, Pompier, Ostfildern: Hatje Cantz, 2006},
  OPTjournal = 	 {},
  year = 	 {2006},
  OPTkey = 	 {},
  OPTvolume = 	 {},
  OPTnumber = 	 {},
  OPTpages = 	 {},
  OPTmonth = 	 {},
  note = 	 {last accessed: June 26, 2006},
  eprint =	 {www.portalkunstgeschichte.de},
  OPTannote = 	 {}
}

@InBook{Peters3,
  author = 	 {Peters, S.},
  editor = 	 {S. Peters, K. Stierstorfer, \& L. Volkmann},
  title = 	 {Drama II.},
  chapter = 	 {Derek Walcott: Pantomime.},
  publisher = 	 {Trier: WVT},
  year = 	 {2006},
  OPTkey = 	 {},
  OPTvolume = 	 {},
  OPTnumber = 	 {},
  OPTseries = 	 {},
  OPTtype = 	 {},
  OPTaddress = 	 {},
  OPTedition = 	 {},
  OPTmonth = 	 {},
  pages = 	 {527--544},
  note = 	 {Teaching Contemporary Literature and Culture, vol. 1},
  OPTannote = 	 {}
}


@InBook{Peters4,
  author = 	 {Peters, S.},
  editor = 	 {S. Peters, K. Stierstorfer, \& L. Volkmann},
  title = 	 {Drama I.},
  chapter = 	 {Marie Jones: Stones in his pocket.},
  publisher = 	 {Trier: WVT},
  year = 	 {2006},
  OPTkey = 	 {},
  OPTvolume = 	 {},
  OPTnumber = 	 {},
  OPTseries = 	 {},
  OPTtype = 	 {},
  OPTaddress = 	 {},
  OPTedition = 	 {},
  OPTmonth = 	 {},
  pages = 	 {203--219},
  note = 	 {Teaching Contemporary Literature and Culture, vol. 1},
  OPTannote = 	 {}
}


@InBook{Peters5,
  author = 	 {Peters, S.},
  editor = 	 {R. Petersohn, \& L. Volkmann},
  title = 	 {Shakespeare didaktisch II: Ausgewählte Dramen und Sonette für den Unterricht.},
  chapter = 	 {Richard III.},
  publisher = 	 {Tübingen: Stauffenburg},
  year = 	 {2006},
  OPTkey = 	 {},
  OPTvolume = 	 {},
  OPTnumber = 	 {},
  OPTseries = 	 {},
  OPTtype = 	 {},
  OPTaddress = 	 {},
  OPTedition = 	 {},
  OPTmonth = 	 {},
  pages = 	 {121--134},
  OPTnote = 	 {},
  OPTannote = 	 {}
}

@Article{Wünsche4,
  author = 	 {Pfander, G. \& Wünsche, I. },
  title = 	 {Exploring infinity: Number sequences in modern art.},
  journal = 	 {Arkhai},
  year = 	 {2006},
  OPTkey = 	 {},
  OPTvolume = 	 {},
  OPTnumber = 	 {},
  OPTpages = 	 {},
  OPTmonth = 	 {},
  note = 	 {in press},
  OPTeprint =	 {},
  OPTannote = 	 {}
}

@Article{Rommel5,
  author = 	 {Rommel, T.},
  title = 	 {Cynthia Dereli, A war culture in action. A study of the literature of the Crimean War period.},
  journal = 	 {Zeitschrift für Anglistik und Amerikanistik},
  year = 	 {2006},
  OPTkey = 	 {},
  volume = 	 {54},
  number = 	 {3},
  pages = 	 {317--318},
  OPTmonth = 	 {},
  note = 	 {Oxford: Lang, 2003},
  OPTeprint =	 {},
  OPTannote = 	 {}
}


@InBook{Rommel6,
  author = 	 {Rommel, T.},
  editor = 	 {D. Herz, \& V. Weinberger},
  title = 	 {Lexikon ökonomischer Werke. 650 wegweisende Schriften von der Antike bis ins 20. Jahrhundert.},
  chapter = 	 {Francis Hutcheson.},
  publisher = 	 {Düsseldorf: Verlag Wirtschaft \& Finanzen},
  year = 	 {2006},
  OPTkey = 	 {},
  OPTvolume = 	 {},
  OPTnumber = 	 {},
  OPTseries = 	 {},
  OPTtype = 	 {},
  OPTaddress = 	 {},
  OPTedition = 	 {},
  OPTmonth = 	 {},
  pages = 	 {212--213},
  OPTnote = 	 {},
  OPTannote = 	 {}
}


@InBook{Rommel7,
  author = 	 {Rommel, T.},
  editor = 	 {G. Febel, A. Hamilton, M. Blumberg, H. de Souza, \& C. Sandten},
  title = 	 {Zwischen Kontakt und Konflikt. Perspektiven der Postkolonialismus-Forschung.},
  chapter = 	 {Über \textquotedblleft Wahre Südseegeschichten\textquotedblright  und andere Erfindungen. Literarische Fiktionalisierung der Südsee.},
  publisher = 	 {Trier: WVT},
  year = 	 {2006},
  OPTkey = 	 {},
  OPTvolume = 	 {},
  OPTnumber = 	 {},
  OPTseries = 	 {},
  OPTtype = 	 {},
  OPTaddress = 	 {},
  OPTedition = 	 {},
  OPTmonth = 	 {},
  pages = 	 {165--175},
  OPTnote = 	 {},
  OPTannote = 	 {}
}


@InBook{Wünsche5,
  author = 	 {Wünsche, I.},
  editor = 	 {V. Lehoda},
  title = 	 {Local Strategies. International Ambitions: Modern Art in Central Europe, 1918 -1968, Conference Proceedings.},
  chapter = 	 {Biocentric Modernism: The other side of the avant-garde.},
  publisher = 	 {Prague: Academy of Sciences},
  year = 	 {2006},
  OPTkey = 	 {},
  OPTvolume = 	 {},
  OPTnumber = 	 {},
  OPTseries = 	 {},
  OPTtype = 	 {},
  OPTaddress = 	 {},
  OPTedition = 	 {},
  OPTmonth = 	 {},
  pages = 	 {125--132},
  OPTnote = 	 {},
  OPTannote = 	 {}
}



@InBook{Wünsche6,
  author = 	 {Wünsche, I.},
  editor = 	 {U. Lehmann},
  title = 	 {Floating Forms: Abstract Art Now .},
  chapter = 	 {Lebendige Formen und bewegte Linien: Organische Abstraktionen in der Kunst der klassischen Moderne.},
  publisher = 	 {Bielefeld: Kerber},
  year = 	 {2006},
  OPTkey = 	 {},
  OPTvolume = 	 {},
  OPTnumber = 	 {},
  OPTseries = 	 {},
  OPTtype = 	 {},
  OPTaddress = 	 {},
  OPTedition = 	 {},
  OPTmonth = 	 {},
  pages = 	 {10--22},
  OPTnote = 	 {},
  OPTannote = 	 {}
}