@Article{Kuhnert1,
  author =   {Clifford, M. N. and Wu, W. G. and Kuhnert, N.},
  title =    {The chlorogenic acids of Hemerocallis},
  journal =      {Food Chemistry},
  year =     {2006},
  volume =    {95},
  pages =     {574-578},
}


@Article{Kuhnert2,
  author =   {Clifford, M. N. and Knight, S. and Surucu, B. and  Kuhnert, N.},
  title =    {Characterisation by {LC}-{MSn} of four new classes of chlorogenic acids in green coffee beans:   Dimethoxycinnamoylquinic acids, diferuloylquinic acids,caffeoyl-dimethoxycinnamoylquinic acids and   feruloyl-dimethoxycinnamoylquinic acids},
  journal =      {J. Agr. Food Chem.},
  year =     {2006},
  volume =    {54},
  pages =     {1957-1969},
}

@Article{Kuhnert3,
  author =   {Kuhnert, N. and Tang, B.},
  title =    {Synthesis of diastereomeric trianglamine-beta-cyclodextrin-[2] catenanes},
  journal =      {Tetrahedron Lett.},
  year =     {2006},
  volume =    {47},
  pages =     {2985-2988},
}

@Article{Kuhnert4,
  author =   {Clifford, M. N. and Marks, S. and Knight, S. and Kuhnert, N.},
  title =    {Characterisation by {LC}-{MSn} of four new classes of p-coumaric   acid containing diacyl chlorogenic acids in green coffee beans},
  journal =      {J. Agr. Food Chem.},
  year =     {2006},
  volume =    {54},
  pages =     {4095-4101},
}


@Article{Kuhnert5,
  author =   {Kuhnert, N. and G\"obel, D. and Thiele, C. and Renault, B. and Tang, B.},
  title =    {Synthesis of enentiomerically pure functionalized trianglamine   macrocycles by N-acylation and N-alkylation reactions},
  journal =      {Tetrahedron Lett.},
  year =     {2006},
  volume =    {47},
  pages =     {6915-6918},
}

@Article{Kuhnert6,
  author =   {Clifford, M. N. and Zheng, W. and Kuhnert, N.},
  title =    {Profiling the chlorogenic acids of aster by {HPLC}-{MSn}},
  journal =      {Phytochem. Anal.},
  year =     {2006},
  volume =    {17},
  pages =     {384-393},
}

