@article{Zupanc1,
   Author = {Hinsch, K. and Zupanc, G.K.H.},
   Title = "{Isolation, cultivation, and differentiation of neural stem cells from adult fish brain}",
   Journal = {Journal of Neuroscience Methods},
   Volume = {158},
   Pages = {75-88},
   Note = {},
      Year = {2006} }
      
@article{Zupanc2,
   Author = {Rajendran, R.S. and Zupanc, M.M. and Lösche, A. and Westra, J. and Chun, J.  and Zupanc, G.K.H.},
   Title = "{Numerical chromosome variation and mitotic segregation defects in the adult brain of teleost fish}",
   Journal = {Journal of Neurobiology},
   Note={in press},
      Year = {2006} }
      
@article{Zupanc3,
   Author = {Zupanc, G.K.},
   Title = "{Theodore H. Bullock (1915-2005): Trailblazer in neurobiology}",
   Journal = {Nature},
   Volume = {439},
   Pages = {280},
   Note = {},
   Year = {2006} }
   
@article{Zupanc4,
   Author = {Zupanc, G.K.H.},
   Title = "{Neurogenesis and neuronal regeneration in the adult fish brain}",
   Journal = {Journal of Comparative Physiology A},
   Volume = {192},
   Pages = {649-670},
   Note = {},
   Year = {2006} }

@book{Zupanc5,
   Editor = {Zupanc, G.K.H.},
  Title = "{Electric Fish: Model Systems for Neurobiology. Special Issue (June) of the Journal of Comparative Physiology A. Articles by Ruben Budelli, Theodore H. Bullock, Angel A. Caputi, Robert J. Dunn, Gerhard von der Emde, Fernando R. Fernandez, Eric S. Fortune, Masashi Kawasaki, Masakazu Konishi, Malcolm A. MacIver, Michael R. Markham, Lynne McAnelly, W. Hamish Mehaffey, Mark E. Nelson, Asim J. Rashid, Gary J. Rose, Philip K. Stoddard, Ray W. Turner, Harold H. Zakon, and Günther K.H. Zupanc}",
   Publisher = {Springer-Verlag},
   Address = {Heidelberg/New York},
      Year = {2006} }


@incollection{Zupanc6,
   Author = {Zupanc, G.K.H.},
   Title = "{Adult neurogenesis and neuronal regeneration in the teleost fish brain: implication for the evolution of a primitive vertebrate trait}",
   BookTitle = "{The Evolution of Nervous Systems in Non-Mammalian Vertebrates}",
   pages={485-520},
   Editor = {T.H. Bullock and  L.R. Rubenstein},
   Series = {Evolution of Nervous Systems},
   Publisher = {Series Editor: J.H. Kaas, Academic Press, Oxford},
   Address = {},
   Note={},
      Year = {2006} }
      
@incollection{Zupanc7,
   Author = {Zupanc, G.K.H.},
   Title = "{Electrocommunication}",
   BookTitle = "{New Encyclopedia of Neuroscience}",
   Editor = {Squire, L.R. and Albright, T.D. and Bloom, F.E. and Gage, F.H. and Spitzer, N.C.},
   Publisher = {Elsevier},
   Address = {Kidlington},
    Note={in press},
      Year = {2006} }
      
@book{Zupanc8,
  	Author = {Zupanc, G.K.H.},
   Title = "{Behavioral Neurobiology: An Integrative Approach (Japanese Edition)}",
   Publisher = {Springer-Verlag},
   Address = {Tokyo},
      Note={in press},
      Year = {2006} }
      
      
@article{Zupanc9,
   Author = {Zupanc, G.K.H. and Bullock, T.H.},
   Title = "{Walter Heiligenberg: the jamming avoidance response and beyond}",
   Journal = {Journal of Comparative Physiology A},
   Volume = {192},
   Pages = {561-572},
   Note = {},
   Year = {2006} }




@article{Zupanc10,
   Author = {Zupanc, G.K.H. and Sirbulescu, R.F. and Nichols, A. and Ilies, I.V.},
   Title = "{Electric interactions through chirping behavior in the weakly electric fish, \textit{Apteronotus leptorhynchus}}",
   Journal = {Journal of Comparative Physiology A},
   Volume = {192},
   Pages = {159-173},
   Note = {},
   Year = {2006} }

@article{Zupanc11,
   Author = {Zupanc, G.K.H. and Zupanc, M.M.},
   Title = "{New neurons for the injured brain: mechanisms of neuronal regeneration in adult teleost fish}",
   Journal = {Regenerative Medicine},
   Volume = {1},
   Pages = {207-216},
      Year = {2006} }
      
@incollection{Zupanc12,
   Author = {Zupanc, G.K.H. and Zupanc, M.M.},
   Title = "{Fish and Humans}",
   BookTitle = "{Encyclopedia of Animal-Human Relationship}",
   Editor = {Bekoff, M.},
   Publisher = {Greenwood Publishing},
   Address = {Westport/Connecticut},
      Note={in press},
      Year = {2006} }

@article{Zupanc13,
   Author = {Zupanc, M.M. and Wellbrock, U.M. and Zupanc, G.K.H.},
   Title = "{Proteome analysis identifies novel protein candidates involved in regeneration of the cerebellum of teleost fish}",
   Journal = {Proteomics},
   Volume = {6},
   Pages = {677-696},
   Note = {},
   Year = {2006} }
   
@article{Zupanc14,
   Author = {Zupanc, M.M. and Zupanc, G.K.H.},
   Title = "{Upregulation of calbindin-$\mbox{D}_{\mbox{{\footnotesize 28k}}}$ expression during regeneration in the adult fish cerebellum}",
   Journal = {Brain Research},
   Volume = {1095},
   Pages = {26-34},
   Note = {},
   Year = {2006} }






































