% Oswald publications 2006+

@Article{Oswald2006a,
  author = 	 {Oswald, P. and Madsen, C.K.},
  title = 	 {Deterministic analysis of endless tuning of polarization controllers},
  journal = 	 {Journal of Lightwave Technology},
  year = 	 {2006},
  volume = 	 {24},
  number = 	 {7},
  pages = 	 {2932--2939},
  month = 	 {July}
}

@Article{Oswald2007a,
  author = 	 {Oswald, P.},
  title = 	 {A counterexapmple concerning the ${L}_2$ projector onto linear spline spaces},
  journal = 	 {Mathematics of Computation},
  year = 	 {2006},
  OPTnote = 	 {submitted},
  eprint =	 {math.NA/0611573}
}

@InProceedings{Oswald2006b,
  author = 	 {Oswald, P.},
  title = 	 {Semiorthogonal linear prewavelets on irregular meshes},
  booktitle = {Approximation and Probability},
  pages = 	 {221--234},
  year = 	 {2006},
  editor = 	 {Figiel, T. and Kamont, A.},
  volume = 	 {72},
  series = 	 {Banach Center Publications},
  publisher = {Inst. Math. Polish Acad. Sci.}
}

@Article{Oswald2007b,
  author = 	 {Oswald, P. and Shingel, T.},
  title = 	 {Splitting methods for {SU}(2) loop approximation},
  journal = 	 {Journal of Approximation Theory},
  year = 	 {2006},
  OPTnote = 	 {submitted},
  eprint =	 {math.GM/}
}





