@Article{BerWeiLee:QFD05,
  author = 	 {W. Bergholz and B. Weiss and C. Lee},
  title = 	 {Quality Function Deployment as a way to improve the Creation of  Standards},
  journal = 	 {Semiconductor Manufacturing Magazine},
  year = 	 2005,
  month = 	 {April}}


@InProceedings{KumWeiPagBer:ecrtnd05,
  author = 	 {Pravesh Kumar and Dietrich Weinmann and Uwe Pagel and Werner Bergholz},
  title = 	 {Electrical Characterization of Random Telegraph Noise in Diodes, Charge Coupled Devices and Dynamic Random Access Memories},
  booktitle = {Proc. {MIGAS}'05 Physical and Electrical Characterization of Materials and Devices for Silicon Nanoelectronics},
  year = 	 2005}

@Book{BaaBerg:ddf05,
  author = 	 {O. Baale and W. Bergholz},
  title = 	 {Das deutsche F\"uhrungsproblem},
  publisher = 	 {dtv},
  year = 	 2005,
  address = 	 {Munich}}

@Article{WittBerg:wbqz06,
  author = 	 {J. Wittmann and W. Bergholz},
  title = 	 {{Wert der Bewertung, Qualit{\"a}t und Zuverl{\"a}ssigkeit}},
  journal = 	 51,
  year = 	 2006,
  pages = 	 {38--42}}

@Article{Berg:msinpb06,
  author = 	 {W. Bergholz},
  title = 	 {{Material and Structural Integrity in Nanoelectronics Products and Beyond}},
  journal = 	 {Int. J. Materials and Structural Integrity, Inderscience},
  year = 	 {in print}}

@Article{BergWeLee06,
  author = 	 {W. Bergholz, B. Weiss and C. Lee},
  title = 	 {{Benefits of Standardization in the Microelectronics Industry and its
                  implications for Nanotechnology and other Innovative Industries}},
  journal = 	 {IEC Centenary award, shortlisted for the award out of 300 initial applications},
  year = 	 {to be published in 2006}}

