@incollection{
birk_rescueteam_rcup05,
   Author = {Birk, Andreas and Carpin, Stefano and Chonnaparamutt, Winai and Jucikas, Viktoras and Bastani, Hamed and Delchev, Ivan and Krivulev, Ivan and Lee, Seongchu and Markov, Stefan and Pfeil, Andreas},
   Title = {{The {{IUB}} 2005 Rescue Robot Team}},
   BookTitle = {{{RoboCup}} 2005: Robot Soccer World Cup {IX}},
   Editor = {Noda, Itsuki and Jacoff, Adam and Bredenfeld, Ansgar and Takahashi, Yasutake},
   Series = {Lecture Notes in Artificial Intelligence (LNAI)},
   Publisher = {Springer},
   Year = {2006} }



@incollection{
birk_commexplore_rcup05,
   Author = {Rooker, Martijn and Birk, Andreas},
   Title = {{Communicative Exploration with Robot Packs}},
   BookTitle = {{{RoboCup}} 2005: Robot Soccer World Cup {IX}},
   Editor = {Noda, Itsuki and Jacoff, Adam and Bredenfeld, Ansgar and Takahashi, Yasutake},
   Series = {Lecture Notes in Artificial Intelligence (LNAI)},
   Publisher = {Springer},
   Volume = {4020},
   Pages = {267 - 278},
   Year = {2006} }



@incollection{
birk_virtualrobot_rcup05,
   Author = {Carpin, Stefano and Birk, Andreas and Lewis, Michael and Jacoff, Adam},
   Title = {{High fidelity tools for rescue robotics: results and perspectives}},
   BookTitle = {{{RoboCup}} 2005: Robot Soccer World Cup {IX}},
   Editor = {Noda, Itsuki and Jacoff, Adam and Bredenfeld, Ansgar and Takahashi, Yasutake},
   Series = {Lecture Notes in Artificial Intelligence (LNAI)},
   Publisher = {Springer},
   Year = {2006} }



@incollection{
birk_rescueGUI_rcup05,
   Author = {Birk, Andreas and Pfingsthorn, Max},
   Title = {{A {HMI} supporting Adjustable Autonomy of Rescue Robots}},
   BookTitle = {{{RoboCup}} 2005: Robot Soccer World Cup {IX}},
   Editor = {Noda, Itsuki and Jacoff, Adam and Bredenfeld, Ansgar and Takahashi, Yasutake},
   Series = {Lecture Notes in Artificial Intelligence (LNAI)},
   Publisher = {Springer},
   Volume = {4020},
   Pages = {255-266},
   Year = {2006} }



@incollection{
birk_rescuecabledrum_rcup05,
   Author = {Birk, Andreas and Condea, Cosmin},
   Title = {{Mobile Robot Communication without the Drawbacks of Wireless Networking}},
   BookTitle = {{{RoboCup}} 2005: Robot Soccer World Cup {IX}},
   Editor = {Noda, Itsuki and Jacoff, Adam and Bredenfeld, Ansgar and Takahashi, Yasutake},
   Series = {Lecture Notes in Artificial Intelligence (LNAI)},
   Publisher = {Springer},
   Volume = {4020},
   Pages = {585 - 592},
   Year = {2006} }



@article{
birkRescRobARJ06,
   Author = {Birk, Andreas and Carpin, Stefano},
   Title = {{Rescue Robotics - a crucial milestone on the road to autonomous systems}},
   Journal = {Advanced Robotics Journal},
   Publisher = {Brill Academic Publishers},
   Volume = {20},
   Number = {5},
   Year = {2006} }



@article{
BirkMultiMap_IEEEproc,
   Author = {Birk, Andreas and Carpin, Stefano},
   Title = {{Merging occupancy grid maps from multiple robots}},
   Journal = {IEEE Proceedings, special issue on Multi-Robot Systems},
   Publisher = {IEEE Press},
   Volume = {94},
   Number = {7},
   Pages = {1384-1397},
   Year = {2006} }



@incollection{
birk_flipper_rcup06,
   Author = {Chonnaparamutt, Winai and Birk, Andreas},
   Title = {{A New Mechatronic Component for Adjusting the Footprint of Tracked Rescue Robots}},
   BookTitle = {{RoboCup} 2006: Robot  {WorldCup} X},
   Series = {Lecture Notes in Artificial Intelligence (LNAI)},
   Publisher = {Springer},
   Year = {in press} }



@incollection{
birk_mapvectorization_rcup06,
   Author = {Delchev, Ivan and Birk, Andreas},
   Title = {{Vectorization of Grid Maps by an Evolutionary Algorithm}},
   BookTitle = {{RoboCup} 2006: Robot  {WorldCup} X},
   Series = {Lecture Notes in Artificial Intelligence (LNAI)},
   Publisher = {Springer},
   Year = {in press} }



@incollection{
birk_rugbot_ssrr06,
   Author = {Birk, Andreas and Pathak, Kausthub and Schwertfeger, Soeren and Chonnaparamutt, Winai},
   Title = {{The {IUB} Rugbot: an intelligent, rugged mobile robot for search and rescue operations}},
   BookTitle = {{IEEE} International Workshop on Safety, Security, and Rescue Robotics ({SSRR})},
   Publisher = {IEEE Press},
   Year = {2006} }



@incollection{
birk_autonomy_ssrr06,
   Author = {Birk, Andreas and Markov, Stefan and Delchev, Ivan and Pathak, Kaustubh},
   Title = {{Autonomous Rescue Operations on the {IUB} Rugbot}},
   BookTitle = {{IEEE} International Workshop on Safety, Security, and Rescue Robotics ({SSRR})},
   Publisher = {IEEE Press},
   Year = {2006} }



@article{
birk_CommExpore_CEP06,
   Author = {Rooker, Martijn N. and Birk, Andreas},
   Title = {{Multi-robot exploration under the constraints of wireless networking}},
   Journal = {Control Engineering Practice},
   Publisher = {Elsevier Science},
   Year = {2006} }



