%conference papers

@INPROCEEDINGS{ah06_vis_light,
  AUTHOR =       {M. Afgani and H. Haas},
  TITLE =        {Visible Light Communication Using {OFDM}},
  BOOKTITLE =    {Proceedings of the 2nd International Conference on Testbeds and Research Infrastructures for the Development of Networks and Communities (Trident 2006)},
  YEAR =         {2006},
  address =      {Barcelona, Spain},
  month =        {March 01-06},
}

@INPROCEEDINGS{bh06_ped_dead_reck,
  AUTHOR =       {S. Beauregard and H. Haas},
  TITLE =        {"{Pedestrian Dead Reckoning (PDR) and GPS for Indoor Positioning}"},
  BOOKTITLE =    {Proceedings of 3rd Workshop on Positioning, Navigation and Communication ({WPNC}'06)},
  YEAR =         {2006},
  address =      {Hannover, Germany},
  month =        {March 16},
}

@INPROCEEDINGS{hnona06_iamac,
  AUTHOR =       {H. Haas and V. D. Nguyen and P. Omiyi and N. H. Nedev and G. Auer},
  TITLE =        {"{Interference Aware Medium Access in Cellular OFDMA/TDD Network}"},
  BOOKTITLE =    {Proceedings of International Conference on Communications ({ICC} 2006)},
  YEAR =         {2006},
  address =      {Istanbul, Turkey},
  month =        {June 11-15},
  organization = {IEEE},
}

@INPROCEEDINGS{vh06_thru_cap,
  AUTHOR =       {H. Venkataraman and H. Haas},
  TITLE =        {"{Throughput Capacity for 2-Hop Hybrid Cellular Networks}"},
  BOOKTITLE =    {Proceedings of 6th Scandinavian Workshop on Wireless Ad-hoc Networks ({ADHOC} '06)},
  YEAR =         {2006},
  address =      {Stockholm (Sweden)},
  month =        {May 3-4},
}

@INPROCEEDINGS{cvh06_freq_syn,
  AUTHOR =       {S. Chaudhury and H. Venkataraman and H. Haas},
  TITLE =        {"{Uplink Capacity Comparison of Non-Perfect Frequency Synchronised Cellular OFDM Systems}"},
  BOOKTITLE =    {Proceedings of International Wireless Communications and Mobile Computing Conference ({IWCMC} 2006)},
  YEAR =         {2006},
  address =      { Vancouver (Canada)},
  month =        {July 3-6},
}

@INPROCEEDINGS{feh06_semi_analytic,
  AUTHOR =       {E. Foutekova and C. Evers and H. Haas},
  TITLE =        {"{Semi-Analytical Derivation of Interference in TDD-CDMA Systems Employing Random Time Slot Hopping (RTSH)}"},
  BOOKTITLE =    {Proceedings of the International Vehicular Technology Conference ({VTC}) 2006-Fall},
  YEAR =         {2006},
  address =      {Montreal, Canada},
  month =        {September 25-28},
  organization = {IEEE},
}

@INPROCEEDINGS{fagvh06_sch_CDMA,
  AUTHOR =       {E. Foutekova and P. Agyapong and B. Ghimire and H. Venkataraman and H. Haas},
  TITLE =        {"{Scheduling in Cellular TDD-CDMA Networks}"},
  BOOKTITLE =    {Proceedings of the International Vehicular Technology Conference ({VTC}) 2006-Fall},
  YEAR =         {2006},
  address =      {Montreal, Canada},
  month =        {September 25-28},
  organization = {IEEE},
}

@INPROCEEDINGS{jhm06_adhoc_tdd_underlay,
  AUTHOR =       {P. Jain and H. Haas and S. McLaughlin},
  TITLE =        {"{Capacity Enhancement using Ad Hoc Pico-Cells and TDD Underlay}"},
  BOOKTITLE =    {Proceedings of the 17th International Symposium on Personal, Indoor and Mobile Radio Communications ({PIMRC} 2006)},
  YEAR =         {2006},
  pages =        {5},
  address =      {Helsinki, Finland},
  month =        {September 11-14},
  organization = {IEEE},
}

@INPROCEEDINGS{oha06_tsalloc_insotdd,
  AUTHOR =       {P. Omiyi and H. Haas and G. Auer},
  TITLE =        {"{Analysis of Intercellular Timeslot Allocation in Self-Organising TDD Cellular Mobile Systems}"},
  BOOKTITLE =    {Proceedings of the 17th International Symposium on Personal, Indoor and Mobile Radio Communications ({PIMRC} 2006)},
  YEAR =         {2006},
  pages =        {5 pages on CD ROM},
  address =      {Helsinki, Finland},
  month =        {September 11-14},
  organization = {IEEE},
}

@INPROCEEDINGS{mhay06_spatialmod,
  AUTHOR =       {R. Mesleh and H. Haas and C. C. Ahn and S. Yun},
  TITLE =        {"{Spatial Modulation -- OFDM}"},
  BOOKTITLE =    {Proceedings of the International {OFDM} Workshop},
  YEAR =         {2006},
  address =      {Hamburg, Germany},
  month =        {August 30-31},
}

@BOOK{tdd_book,
  editor =       {H. Haas and S. McLaughlin},
  TITLE =        {"{Next Generation Mobile Access Technologies: Implementing TDD}"},
  PUBLISHER =    {Cambridge University Press},
  YEAR =         {Spring 2007},
}

@INPROCEEDINGS{asilomar06,
  AUTHOR =       {S. Ganesan and R. Mesleh and H. Haas and C. W. Ahn and S. Yun},
  TITLE =        {"{On the Performance of Spatial Modulation OFDM}"},
  BOOKTITLE =    {"{Asilomar Conference on Signals, Systems, and Computers}"},
  YEAR =         {2006},
  address =      {Monterey, CA, USA},
  month =        {October 30 -- November 1},
  organization = {IEEE},
}

@INPROCEEDINGS{chinacom06,
  AUTHOR =       {R. Mesleh and H. Haas and C. Wook Ahn and S. Yun},
  TITLE =        {"{Spatial Modulation -- A New Low Complexity Spectral Efficiency Enhancing Technique}"},
  BOOKTITLE =    {"{ChinaCOM 2006}"},
  YEAR =         {2006},
  address =      {Beijing, China},
  month =        {October 25 -- 27},
  organization = {IEEE},
}

@ARTICLE{oha07,
  title = {{Analysis of TDD Cellular Interference Mitigation using Busy-Bursts}},
  author = {P. Omiyi and H. Haas and G. Auer},
  journal = {{IEEE} {T}ransactions on {W}ireless  {C}ommunications},
  year = {accepted for publication},
  volume = {},
  number = {},
  pages = {},
  month = {},
}