@InProceedings{Henkel_vDeetzen_IZS,
  author = 	 {Henkel, W. and von Deetzen, N.},
  title = 	 {{Path Pruning for Unequal Error Protection Turbo Codes}},
  booktitle = {2006 International Z\"urich Seminar on Communications},
  year = 	 {2006},
  address = 	 {Z\"urich, Switzerland},
  month = 	 {Feb. 22-24}}

@InProceedings{Hu_Henkel_Turbo,
  author = 	 {Hu, F. and Henkel, W.},
  title = 	 {{A Geometric Description of the Iterative Least-Squares Decoding of Analog Block Codes}},
  booktitle = {4th International Symposium on Turbo Codes \& Related Topics in connection with the 6th International ITG-Conference on Source and Channel Coding},
  year = 	 {2006},
  address = 	 {Munich},
  month = 	 {April 4-7}}

@InProceedings{Sassatelli_Henkel_Declercq_Turbo,
  author = 	 {Sassatelli, L. and Henkel, W. and Declercq, D.},
  title = 	 {{Check-Irregular LDPC Codes for Unequal Error Protection under Iterative Decoding}},
  booktitle = {4th International Symposium on Turbo Codes \& Related Topics in connection with the 6th International ITG-Conference on Source and Channel Coding},
  year = 	 {2006},
  address = 	 {Munich},
  month = 	 {April 4-7}}

@InProceedings{vDeetzen_Henkel_ISIT,
  author = 	 {von Deetzen, N. and Henkel, W.},
  title = 	 {{Decoder Scheduling of Hybrid Turbo Codes}},
  booktitle = {2006 IEEE International Symposium on Information Theory (ISIT 2006)},
  year = 	 {2006},
  address = 	 {Seattle, Washington, USA},
  month = 	 {July 9-14}}

@InProceedings{Henkel_Hassan_OFDM,
  author = 	 {Henkel, W. and Hassan, K.},
  title = 	 {{OFDM (DMT) Bit and Power Loading for Unequal Error Protection}},
  booktitle = {OFDM Workshop},
  year = 	 {2006},
  address = 	 {Hamburg},
  month = 	 {Aug 30-31}}


@InProceedings{vDeetzen_ITG,
  author = 	 {von Deetzen, N.},
  title = 	 {{Decoder Scheduling of Hybrid (parallel/serial) Turbo Codes}},
  booktitle = {ITG-Fachgruppe, 7. Sitzung},
  year = 	 {2006},
  address = 	 {Munich},
  month = 	 {May 22}}

@InProceedings{Hassan_Henkel_ITG,
  author = 	 {Hassan, K. and Henkel, W.},
  title = 	 {{Unequal Error Protection Bit Loading in MIMO OFDM}},
  booktitle = {ITG-Fachgruppe, 8. Sitzung},
  year = 	 {2006},
  address = 	 {Bremen},
  month = 	 {Oct. 6}}

%%% PATENTS ?????


@Misc{Sassatelli_Henkel_Declercq_EP,
  author = 	 {Sassatelli, L. and  Henkel, W. and Declercq, D.},
  title = 	 {{Check-Irregular LDPC Codes}},
  month = 	 {Jan. 27},
  year = 	 {2006},
  note = 	 {European Patent Application 06 100 979.1}}

@Misc{Henkel_Hassan_EP,
  author = 	 {Henkel, W. and Hassan, K.},
  title = 	 {{Unequal Error Protection Bit Loading for Multi-Carrier Transmission}},
  month = 	 {Aug 30},
  year = 	 {2006},
  note = 	 {European Patent Application 06 119 771.1}}