@INPROCEEDINGS{Mueller06:locutor-lwa,
  author = {Normen M{\"{u}}ller},
  title = {{An Ontology-Driven Management of Change}},
  year = {2006},
  booktitle = {Wissens- und Erfahrungsmanagement},
  series = {LWA (Lernen, Wissensentdeckung, Aktivit{\"{a}}t) conference proceedings},
  institution = {Universit{\"a}t Hildesheim},
  url = {http://kwarc.eecs.iu-bremen.de/nmueller/papers/lwa06.pdf}
}

@INCOLLECTION{NRM:omdoc2vf06,
  chapter = {26.20},
  pages = {329--332},
  title = {{{OMDoc}} as a {D}ata {F}ormat for {{VeriFun}}},
  crossref = {Kohlhase:omdoc1.2},
  author = {Normen M{\"u}ller}
}

@InProceedings{Kohlhase:emPowerPoint,
  author = 	 {Andrea Kohlhase},
  title = 	 {{What if {PowerPoint} became {emPowerPoint} (through {{CPoint}})?}},
  booktitle = 	 {Society for Information Technology and Teacher Education, 17th International Conference {SITE} 2006},
  pages =	 {2934--2939},
  year =	 2006,
  editor =	 {Caroline M. Crawford},
  organization = {SITE},
  publisher =	 {AACE},
  note =	 {Orlando (USA), 2006-03-20/24}
}
@InProceedings{Kohlhase:MediaOrMedeaSociety,
  author = 	 {Andrea Kohlhase},
  title = 	 {{Media or Medea Society? Learner and Learning Technology as Full Partners}},
  booktitle = 	 {{ICDML2006}},
  pages =	 {6--12},
  year =	 2006,
  month =        {March},
  editor =	 {Bundit Thipakorn},
  volume =	 1,
  publisher =	 {Tana Press},
  note =	 {Bangkok (Thailand), 2006-03-13/14}
}
@InProceedings{Kohlhase:UserAsPrisoner,
  author = 	 {Andrea Kohlhase},
  title = 	 {{The User as Prisoner: How the Dilemma Might Dissolve}},
  crossref =  {LOKMOL2006},
  booktitle = {2nd Workshop on Learner Oriented Knowledge Management \& KM Oriented e-Learning},
  pages = 	 {26--31}
}

@Proceedings{LOKMOL2006,
  title = 	 {{2nd Workshop on Learner Oriented Knowledge Management \& KM Oriented e-Learning}},
  year = 	 2006,
  booktitle = {{Joint International Workshop on Professional Learning, Competence Development and Knowledge Management - {LOKMOL} and {L3NCD}}},
  editor = 	 {Martin Memmel and Eric Ras and Stephan Weibelzahl},
  note = 	 {Online Proceedings at {\url{http://cnm.open.ac.uk/projects/ectel06/pdfs/ECTEL06WS68d.pdf}}}}

@BOOK{lange06:wikiblog,
  title = {Wikis und Blogs -- {Planen}, {Einrichten}, {Verwalten}},
  publisher = {C\&L Computer- und Literaturverlag},
  year = {2006},
  editor = {Christoph Lange},
  isbn = {3-936546-44-4}
}

@inproceedings{rabe:moloss:06,
author = "F. Rabe",
title = "{Towards Determining the Subset Relation between Propositional Modal Logics}",
booktitle = "{Proceedings of the FLoC 06 Workshop on Empirically Successful Computerized Reasoning, 3rd International Joint Conference on Automated Reasoning}",
editor = "G. Sutcliffe and R. Schmidt and S. Schulz",
year = 2006,
series = "CEUR Workshop Proceedings",
volume = "192",
pages = "126--140",
}

@inproceedings{rabe:dfol:06,
author = "F. Rabe",
title = "{First-Order Logic with Dependent Types}",
crossref = {IJCAR06},
pages = "377--391",
}

@INCOLLECTION{LanKoh:swim06,
  author = {Christoph Lange and Michael Kohlhase},
  title = {{{SWiM} -- An {OMDoc}-based Semantic Wiki}},
  chapter = {26.10},
  crossref = {Kohlhase:omdoc1.2}
}

@INPROCEEDINGS{LanKoh:swmkm06,
  author = {Christoph Lange and Michael Kohlhase},
  title = {A Semantic Wiki for Mathematical Knowledge Management},
  crossref = {semwiki06}
}

@INPROCEEDINGS{KohSuc:asemf06,
  author = {Michael Kohlhase and Ioan Sucan},
  title = {A Search Engine for Mathematical Formulae},
  crossref = {AISC06}
}
@INPROCEEDINGS{Normann:etrpti06,
  author = {Immanuel Normann},
  title = {Enhanced Theorem Reuse by Partial Theory Inclusions},
  crossref = {AISC06}
}

@INPROCEEDINGS{BenBroKoh:csil06,
  author = {Christoph E. Benzmueller and Chad E. Brown and Michael Kohlhase},
  title = {Cut-Simulation in Impredicative Logics},
  pages = {220--234},
  crossref = {IJCAR06}
}

@PROCEEDINGS{AISC06,
  title = {Proceedings of Artificial Intelligence and Symbolic Computation, 	{AISC}'2006},
  year = {2006},
  editor = {Tetsuo Ida and Jacques Calmet and Dongming Wang},
  number = {4120},
  series = {LNAI},
  publisher = {Springer Verlag},
  booktitle = {Proceedings of Artificial Intelligence and Symbolic Computation, 	{AISC}'2006}
}
@INPROCEEDINGS{KohKoh:copmem06,
  author = {Andrea Kohlhase and Michael Kohlhase},
  title = {Communities of Practice in {MKM}: An Extensional Model},
  year = {2006},
  crossref = {MKM06 }
}

@INPROCEEDINGS{HilKohSta:copmem06,
  author = {Eberhard Hilf and Michael Kohlhase and Heinrich Stamerjohanns},
  title = {Capturing the Content of Physics: Systems, Observables, and Experiments},
  year = {2006},
  crossref = {MKM06}
}

@BOOK{Kohlhase:omdoc1.2,
  title = {{\sc {OMDoc}} -- An open markup format for mathematical documents [Version 1.2]},
  booktitle = {{\sc {OMDoc}} -- An open markup format for mathematical documents [Version
	1.2]},
  publisher = {Springer Verlag},
  year = {2006},
  author = {Michael Kohlhase},
  number = {4180},
  series = {LNAI}
}

@PROCEEDINGS{MKM06,
  title = {Mathematical Knowledge Management, {MKM}'06},
  year = {2006},
  editor = {Jon Borwein and William M. Farmer},
  number = {4108},
  series = {LNAI},
  publisher = {Springer Verlag},
  booktitle = {Mathematical Knowledge Management, {MKM}'06}
}
@PROCEEDINGS{IJCAR06,
  title = {Automated Reasoning --- Third International Joint Conference, {IJCAR} 2006},
  booktitle = {Automated Reasoning --- Third International Joint Conference, {IJCAR} 2006},
  year = {2006},
  editor = {Furbach, Ulrich and Shankar, Natarajan},
  number = {4130},
  series = {LNAI},
  address = {Seattle, USA},
  publisher = {Springer Verlag},
  key = {IJCAR2006}}

@PROCEEDINGS{KI06,
  title = {Proceedings of the 29.th Annual German Conference on Artificial Intelligence 	{KI}'06},
  year = {2006},
  editor = {Christian Freksa and Michael Kohlhase and Kerstin Schill},
  number = {4314},
  series = {LNAI},
  address = {Bremen, Germany},
  booktitle = {Proceedings of the 29.th Annual German Conference on Artificial Intelligence 	{KI}'06},
}
@PROCEEDINGS{semwiki06,
  title = {1st Workshop on Semantic Wikis},
  year = {2006},
  editor = {Max V{\"o}lkel and Sebastian Schaffert and Stefan Decker},
  volume = {206},
  series = {CEUR Workshop Proceedings},
  address = {Budva, Montenegro},
  month = jun,
  booktitle = {Proceedings of the 1st Workshop on Semantic Wikis, European Semantic Web Conference 2006},
  key = {semwiki06}
}
