@InProceedings{PB:comogis,
  author =       {Peter Baumann},
  title =        {Large-Scale Raster Services: A Case for Databases},
  note =         {invited keynote},
  booktitle =    {Advances in Conceptual Modeling - Theory and Practice, Proc. 3rd Intl Workshop on Conceptual Modeling for Geographic Information Systems ({CoMoGIS})},
  year =         {2006},
  editor =       {John Roddick et al},
  pages =        {75 - 84}
}

@InProceedings{PB:codata,
  author =       {Peter Baumann and Chen Sheng-Bo},
  title =        {Standards-Based Raster Services for Integrated Earth Information Access},
  booktitle =    {Proc. 20th {CODATA} Conference},
  year =         {2006},
}

@InProceedings{PB:fig,
  author =       {Peter Baumann},
  title =        {Towards a Standard for Interoperable Earth System Raster Services},
  booktitle =    {Proc. 23rd Intl. {FIG} Congress},
  year =         {2006},
}

