@book{DINI06,
   author={DINI Arbeitsgruppe Elektronisches Publizieren},
   title={Elektronisches Publizieren an Hochschulen. {DINI}-Zertifikat Dokumenten- und Publikationsservice},
   publisher={Deutsche Initiative f{\"u}r Netzwerkinformation},
   year={2006},
   address={http://edoc.hu-berlin.de/series/dini-schriften/2006-3/PDF/3.pdf}
}


