@Article{wallace_06bWALa,
title=		{Time-varying {{MIMO}} channels: measurement, analysis, and modeling}, 
author=		{J. Wallace and M. Jensen},
journal=	{IEEE Transactions on Antennas and Propagation},
volume=		54,
year=		2006,
pages=		{3265-3273},
month=		{Nov.}
}

@InProceedings{wallace_06bWALb,
title=		{Modeling antenna coupling and correlation in rapidly fading {{MIMO}} channels},
author=		{J. Wallace and T. Shawcroft and M. Jensen},
booktitle=	{Proceedings of the 1st European Conference on Antennas and Propagation ({EuCAP} 2006)},
month=		{Nov. 6-10},
year=		2006,
address=	{Nice, France},
}

@InProceedings{wallace_069WAL,
title=		{Communicating on {MIMO} channels with covariance information: antenna correlation and coupling},
author=		{J. Wallace and M. Jensen},
booktitle=	{64th {IEEE} Vehicular Technology Conference Digest ({VTC} Fall 2006)},
month=		{Sep. 25-28},
year=		2006,
address=	{Montreal, Canada}
}

