
@article{DehnertEtAl2006,
   Author = {Dehnert, M. and Helm, W.E. and Hütt, M.-Th. },
   Title = "{Informational structure of two closely related eukaryotic genomes}",
   Journal = {Phys. Rev. E},
   Volume = {74},
   Pages = {021913},
   Note = {},
   Year = {2006}
   }


@article{MarrEtAl2006,
   Author = {Marr, C. and Müller-Linow, M. and Hütt, M.-Th.},
   Title = "{Regularizing capacity of metabolic networks}",
   Journal = {},
   Volume = {},
   Pages = {},
   Note = {q-bio.MN/0612017},
   Year = {2006}
   }
   
 @article{MuellerLinowEtAl2006,
   Author = {Müller-Linow, M. and Marr, C.  and Hütt, M.-Th.},
   Title = "{Topology regulates synchronization patterns in excitable dynamics on graphs}",
   Journal = {Phys. Rev. E},
   Volume = {74},
   Pages = {016112},
   Note = {},
   Year = {2006}
   }  
   
   
@article{MarrHuett2006,
   Author = {Marr, C. and Hütt, M.-Th.},
   Title = "{Similar impact of topological and dynamic noise on complex patterns}",
   Journal = {Phys. Lett. A},
   Volume = {349},
   Pages = {302-305},
   Note = {},
   Year = {2006}
   }
   
   
@Book{HuettDehnert2006,
   Author = {Hütt, M.-Th. and Dehnert, M.},
   Title = "{Methoden der Bioinformatik - Eine Einführung}",
   publisher = {Springer-Verlag, Heidelberg, Berlin},
   Note = {},
   Year = {2006}
   }


@Book{VecEtAl2006,
   Author = {Freund, A.M. and Hütt, M.-Th. and Vec, M. },
   Title = "{Selbstorganisation. Ein Denksystem für Natur und Gesellschaft}",
   publisher = {Böhlau-Verlag},
   Note = {},
   Year = {2006}
   }