@Article{Thomsen1,
  author =   {Karpen, V. and Thomsen, L. and Suess, E.},
  title =    {Groundwater discharges in the Baltic Sea: survey and quantification using a schlieren technique application},
  journal =      {Geofluids},
  year =     {2006},
  volume =    {6},
  pages =     {1-10}
}

@InBook{Thomsen2,
  author =    {Thomsen, L.},
  title =    {Faszination Meeresforschung},
  chapter =      {Kontinentalr\"ander},
  publisher =    {Hauschild Verlag},
  year =     {2006},
  note = {(edited by Hempel et al.)},
  pages =     {180-18}
}

@Unpublished{Thomsen3,
  author =   {de Jesus Medes and P.A. and Maier, I. and Thomsen, L.},
  title =    {Effect of physical variables on particle critical   erosion shear stress: hydrostatic pressure, slope and changes in water density},
  note =     {Estuarine Coastal and Shelf Science, in press},
  year =      {2006}
}

@Unpublished{Thomsen4,
  author =   {Garcia, R. and Koho, K.A. and De Stigter, H.C. and Epping, E.
  and Koning, E. and Thomsen, L.},
  title =    {Distribution of meibenthos in the Nazare Canyon and adjacent slope   (western Iberian Margin), in relation to sedimentary composition},
  note =     {Marine Ecology Progress Series, in press},
  year =      {2006}
}

@Unpublished{Thomsen5,
  author =   {De Stigter, H. and Boer, W. and Dias, C. and de Jesus Mendes,
  P.A. and Thomsen L. and van den Bergh, G. and van Weering, T.},
  title =    {Sediment transport and depostion in Nazar\'{e} Canyon, Portuguese continental margin},
  note =     {Marine Geology, in press},
  year =      {2006}
}
