@ARTICLE{KON-289-06,
  author = {J. Konradi and A.K. Singh and A. Materny},
  year = 2006,
  title = {Selective Excitation of Molecular Modes in a Mixture by Optimal           Control of Electronically Nonresonant Femtosecond Four-Wave-Mixing           Spectroscopy},
  journal = {J. Photochem. Photobiol. A},
  volume = 180,
  pages = 289
}
@ARTICLE{KON-697-06,
  author = {J. Konradi and A.K. Singh and A.V. Scaria and A. Materny},
  year = 2006,
  title = {Selective Spectral Filtering of Molecular Modes of $\beta$-Carotene           in Solution Using Optimal Control in Four-Wave-Mixing Spectroscopy},
  journal = {J. Raman Spectrosc.},
  volume = 37,
  pages = 697
}
@INCOLLECTION{KON-7-06,
  author = {J. Konradi and A.K. Singh and A.V. Scaria and A. Materny},
  editor = {A.W. Castleman},
  year = 2006,
  title = {Spectrum Control in Femtosecond Time-Resolved Spectroscopy},
  booktitle = {Fundamental Ultrafast Processes in Chemistry, Physics, and               Biology},
  chapter = 7,
  publisher = {Elsevier},
  address = {Amsterdam}
}
@ARTICLE{KON-press-06,
  author = {J. Konradi and A. Scaria and V. Namboodiri and A. Materny},
  year = 2006,
  title = {Application of Feedback-Controlled Pulse Shaping for Control of           {{CARS}} Spectra: The Role of Phase and Amplitude Modulation},
  journal = {J. Raman Spectrosc.},
  note = {in press}
}
@ARTICLE{MAT-226-06,
  author = {A. Materny},
  year = 2006,
  title = {Femtochemie},
  journal = {Chem. unserer Zeit},
  volume = 4,
  pages = 226
}
@ARTICLE{SAC-305-06,
  author = {M. Sackmann and A. Materny},
  year = 2006,
  title = {Surface Enhanced {R}aman Scattering {({SERS})} - a Quantitative
          Analytical Tool?},
  journal = {J. Raman Spectrosc.},
  volume = 37,
  pages = 305
}
@ARTICLE{SAC-online-06,
  author = {M. Sackmann and S. Bom and T. Balster and A. Materny},
  year = 2006,
  title = {Nanostructured Gold Surfaces as Reproducible Substrates for Surface           Enhanced {R}aman Spectroscopy},
  journal = {J. Raman Spectrosc.},
  note = {in press, online version available}
}
@ARTICLE{SCA-press-06,
  author = {A. Scaria and J. Konradi and V. Namboodiri and M. Sackmann and A.
           Materny},
  year = 2006,
  title = {Femtosecond {{CARS}} on Molecules Exhibiting Ring Puckering Vibration
          in Gas and Liquid Phase},
  journal = {Chem. Phys. Lett.},
  note = {in press}
}
