@Article{Litvinov1,
  author = 	 {G.L. Litvinov and G.B. Shpiz},
  title = 	 {Kernel theorems and nuclearity in idempotent mathematics. An Algebraic approach},
  journal = 	 {Journal
of Mathematical Sciences},
  year = 	 {2006},
  volume = 	 {139},
  eprint = {math.FA/0609033}
}

@Article{Litvinov2,
  author = 	 {G.L. Litvinov},
  title = 	 {The {M}aslov dequantization, idempotent and tropical                mathematics: a brief introduction},
  journal = 	 {Journal of Mathematical
               Sciences},
  year = 	 {2006},
  eprint = {math.GM/0507014}
}


@InProceedings{Litvinov3,
  author = 	 {G.L. Litvinov and A.N. Sobolevski\v \i},
  title = 	 {Positive interval algorithms and idempotent mathematics},
  booktitle = {Proc. of the All-Russia conference ``{INTERVAL}-06, July 1--4, 2006''},
  pages = 	 {72--74},
  address = 	 {St. Petersburg},
  year = 	 {2006},
  note = 	 {(in Russian)}
}



@InProceedings{Litvinov4,
  author = 	 { G.L. Litvinov and G.B. Shpiz},
  title = 	 {Interval solutions of generalized algebraic equations in idempotent mathematics},
  booktitle = {Proc. of the All-Russia conference ``{INTERVAL}-06, July 1--4, 2006''},
  pages = 	 {75--77},
  year = 	 {2006},
  address = 	 {St. Petersburg}
}

@InBook{Litvinov5,
  author = 	 {G.L. Litvinov and G.B. Shpiz},
  title = 	 {Kernel theorems and nuclearity in idempotent mathematics. {A}n algebraic approach},
  publisher = 	 {Notes of
Scientific Seminars of the V. A. Steklov Mathem. Inst. 
(St. Petersburg Division)},
  year = 	 {2006},
  volume = 	 {331},
  address = 	 {St. Petersburg},
  pages = 	 {60--83},
  note = 	 {(in Russian)}
}



@Article{Litvinov6,
  author = 	 {G.L. Litvinov},
  title = 	 {Dequantization of Mathematics},
  journal = 	 {Globus: general-mathematical
seminar},
  year = 	 {2006},
  volume = 	 {4},
  note = 	 {(in press)}
}

