@Book{Dooley1,
  author = 	 {Dooley, B. (Ed.)},
  ALTeditor = 	 {},
  title = 	 {Energy and culture: Perspectives on the power to work},
  publisher = 	 {Burlington, VT: Ashgate},
  year = 	 {2006},
  OPTkey = 	 {},
  OPTvolume = 	 {},
  OPTnumber = 	 {},
  OPTseries = 	 {},
  OPTaddress = 	 {},
  OPTedition = 	 {},
  OPTmonth = 	 {},
  OPTnote = 	 {},
  OPTannote = 	 {}
}


@Book{Fischer-Tiné1,
  author = 	 {Fischer-Tiné, H.},
  ALTeditor = 	 {},
  title = 	 {Ausnahmezustand. Novel by Nirmal Verma, translated from Hindi by H. Fischer-Tiné, \& H. Bauhaus-Lötzke},
  publisher = 	 {Heidelberg: Draupadi},
  year = 	 {2006},
  OPTkey = 	 {},
  OPTvolume = 	 {},
  OPTnumber = 	 {},
  OPTseries = 	 {},
  OPTaddress = 	 {},
  OPTedition = 	 {},
  OPTmonth = 	 {},
  OPTnote = 	 {},
  OPTannote = 	 {}
}


@Book{Frey1,
  author = 	 {Frey, M.},
  ALTeditor = 	 {},
  title = 	 {Dekolonisierung in Südostasien. Die Vereinigten Staaten und die Auflösung der europäischen Kolonialreiche},
  publisher = 	 {München: Oldenbourg},
  year = 	 {2006},
  OPTkey = 	 {},
  OPTvolume = 	 {},
  OPTnumber = 	 {},
  OPTseries = 	 {},
  OPTaddress = 	 {},
  OPTedition = 	 {},
  OPTmonth = 	 {},
  OPTnote = 	 {},
  OPTannote = 	 {}
}


@Book{Spakowski1,
  author = 	 {Leutner, M., Spakowski, N., \& Yu, C.M. (Eds.)},
  ALTeditor = 	 {},
  title = 	 {Gonghe shidai de Zhongguo funü (Women in China. The Republican Period in Historical Perspective)},
  publisher = 	 {Taipei: Rive Gauche Publishing},
  year = 	 {2006},
  OPTkey = 	 {},
  OPTvolume = 	 {},
  OPTnumber = 	 {},
  OPTseries = 	 {},
  OPTaddress = 	 {},
  OPTedition = 	 {},
  OPTmonth = 	 {},
  note = 	 {in press},
  OPTannote = 	 {}
}


@Book{Paulmann1,
  author = 	 {Paulmann, J.},
  ALTeditor = 	 {},
  title = 	 {Die Haltung der Zurückhaltung: Auswärtige Selbstdarstellungen nach 1945 und die Suche nach einem erneuerten Selbstverständnis in der Bundesrepublik (= Schriftenreihe der Wilhelm und Helene Kaisen-Stiftung)},
  publisher = 	 {Bremen: Kaisen-Stiftung},
  year = 	 {2006},
  OPTkey = 	 {},
  OPTvolume = 	 {},
  OPTnumber = 	 {},
  OPTseries = 	 {},
  OPTaddress = 	 {},
  OPTedition = 	 {},
  OPTmonth = 	 {},
  OPTnote = 	 {},
  OPTannote = 	 {}
}


@Book{Spakowski2,
  author = 	 {Spakowski, N., \& Milwertz, C. (Eds.)},
  ALTeditor = 	 {},
  title = 	 {Women and gender in Chinese Studies},
  OPTpublisher = 	 {},
  year = 	 {2006},
  OPTkey = 	 {},
  OPTvolume = 	 {},
  OPTnumber = 	 {},
  OPTseries = 	 {},
  OPTaddress = 	 {},
  OPTedition = 	 {},
  OPTmonth = 	 {},
  note = 	 {Special issue of Chinese History and Society/Berliner China-Hefte, 29},
  OPTannote = 	 {}
}




@InBook{Dooley2,
  author = 	 {H. Cools, M. Keblusek, \& B. Noldus (Eds.)},
  editor = 	 {Dooley, B.},
  title = 	 {Your Humble Servant},
  chapter = 	 {Art and information brokerage in the career of Don Giovanni de' Medici},
  publisher = 	 {Hilversum: Verloren},
  year = 	 {2006},
  OPTkey = 	 {},
  OPTvolume = 	 {},
  OPTnumber = 	 {},
  OPTseries = 	 {},
  OPTtype = 	 {},
  OPTaddress = 	 {},
  OPTedition = 	 {},
  OPTmonth = 	 {},
  pages = 	 {81-96},
  OPTnote = 	 {},
  OPTannote = 	 {}
}


@InBook{Fischer-Tiné2,
  author = 	 {S. Conrad, \& D. Sachsenmaier (Eds.)},
  editor = 	 {Fischer-Tiné, H.},
  title = 	 {Conceptions of world order: Global historical approaches},
  chapter = 	 {Global civil society and the forces of empire. The Salvation Army, British imperialism and the "pre-history" of NGOs},
  publisher = 	 {New York: Palgrave},
  year = 	 {2006},
  OPTkey = 	 {},
  OPTvolume = 	 {},
  OPTnumber = 	 {},
  OPTseries = 	 {},
  OPTtype = 	 {},
  OPTaddress = 	 {},
  OPTedition = 	 {},
  OPTmonth = 	 {},
  pages = 	 {25-57},
  note = 	 {in press},
  OPTannote = 	 {}
}


@InBook{Fischer-Tiné3,
  author = 	 {R. Ahuja, \& C. Brosius (Eds.)},
  editor = 	 {Fischer-Tiné, H.},
  title = 	 {Megastädte in Indien: Mumbai, Delhi, Calcutta},
  chapter = 	 {Stadt der Paläste? - Europäische Lebenswelten im kolonialen Kalkutta},
  publisher = 	 {Heidelberg: Draupadi},
  year = 	 {2006},
  OPTkey = 	 {},
  OPTvolume = 	 {},
  OPTnumber = 	 {},
  OPTseries = 	 {},
  OPTtype = 	 {},
  OPTaddress = 	 {},
  OPTedition = 	 {},
  OPTmonth = 	 {},
  pages = 	 {241-256},
  OPTnote = 	 {},
  OPTannote = 	 {}
}


@Article{Fischer-Tiné4,
  author = 	 {Fischer-Tiné, H.},
  title = 	 {"Deep Occidentalism"? - Europa und der Westen in der Wahrnehmung hinduistischer Intellektueller und Reformer (ca. 1890-1930)},
  journal = 	 {Journal of Modern European History},
  year = 	 {2006},
  OPTkey = 	 {},
  volume = 	 {4},
  number = 	 {2},
  pages = 	 {171-203},
  OPTmonth = 	 {},
  note = 	 {in press},
  OPTeprint =	 {},
  OPTannote = 	 {}
}


@InBook{Fischer-Tiné5,
  author = 	 {C. Bates (Ed.)},
  editor = 	 {Fischer-Tiné, H.},
  title = 	 {Beyond representation. The construction of identity in colonial India},
  chapter = 	 {From Brahmacharya to conscious race culture: Indian nationalism, Hindu tradition and Victorian discourses of science},
  publisher = 	 {New Delhi: Oxford University Press},
  year = 	 {2006},
  OPTkey = 	 {},
  OPTvolume = 	 {},
  OPTnumber = 	 {},
  OPTseries = 	 {},
  OPTtype = 	 {},
  OPTaddress = 	 {},
  OPTedition = 	 {},
  OPTmonth = 	 {},
  pages = 	 {230-59},
  OPTnote = 	 {},
  OPTannote = 	 {}
}


@InBook{Fischer-Tiné6,
  author = 	 {C. Auffahrt, H.-G. Kippenberg, \& A. Michaels (Eds.)},
  editor = 	 {Fischer-Tiné, H.},
  title = 	 {Wörterbuch der Religionen},
  chapter = 	 {Ananda Marga},
  publisher = 	 {Stuttgart: Kröner},
  year = 	 {2006},
  OPTkey = 	 {},
  OPTvolume = 	 {},
  OPTnumber = 	 {},
  OPTseries = 	 {},
  OPTtype = 	 {},
  OPTaddress = 	 {},
  OPTedition = 	 {},
  OPTmonth = 	 {},
  pages = 	 {32},
  OPTnote = 	 {},
  OPTannote = 	 {}
}


@InBook{Fischer-Tiné7,
  author = 	 {C. Auffahrt, H.-G. Kippenberg, \& A. Michaels (Eds.)},
  editor = 	 {Fischer-Tiné, H.},  
  title = 	 {Wörterbuch der Religionen},
  chapter = 	 {Arya Samaj},
  publisher = 	 {Stuttgart: Kröner},
  year = 	 {2006},
  OPTkey = 	 {},
  OPTvolume = 	 {},
  OPTnumber = 	 {},
  OPTseries = 	 {},
  OPTtype = 	 {},
  OPTaddress = 	 {},
  OPTedition = 	 {},
  OPTmonth = 	 {},
  pages = 	 {45},
  OPTnote = 	 {},
  OPTannote = 	 {}
}



@InBook{Fischer-Tiné7,
  author = 	 {C. Auffahrt, H.-G. Kippenberg, \& A. Michaels (Eds.)},
  editor = 	 {Fischer-Tiné, H.},
  title = 	 {Wörterbuch der Religionen},
  chapter = 	 {Brahmo Samaj},
  publisher = 	 {Stuttgart: Kröner},
  year = 	 {2006},
  OPTkey = 	 {},
  OPTvolume = 	 {},
  OPTnumber = 	 {},
  OPTseries = 	 {},
  OPTtype = 	 {},
  OPTaddress = 	 {},
  OPTedition = 	 {},
  OPTmonth = 	 {},
  pages = 	 {80},
  OPTnote = 	 {},
  OPTannote = 	 {}
}


@InBook{Fischer-Tiné8,
  author = 	 {C. Auffahrt, H.-G. Kippenberg, \& A. Michaels (Eds.)},
  editor = 	 {Fischer-Tiné, H.},
  title = 	 {Wörterbuch der Religionen},
  chapter = 	 {Dayanand Sarasvati},
  publisher = 	 {Stuttgart: Kröner},
  year = 	 {2006},
  OPTkey = 	 {},
  OPTvolume = 	 {},
  OPTnumber = 	 {},
  OPTseries = 	 {},
  OPTtype = 	 {},
  OPTaddress = 	 {},
  OPTedition = 	 {},
  OPTmonth = 	 {},
  pages = 	 {103},
  OPTnote = 	 {},
  OPTannote = 	 {}
}


@InBook{Fischer-Tiné9,
  author = 	 {C. Auffahrt, H.-G. Kippenberg, \& A. Michaels (Eds.)},
  editor = 	 {Fischer-Tiné, H.},
  title = 	 {Wörterbuch der Religionen},
  chapter = 	 {Keshab Chandra Sen},
  publisher = 	 {Stuttgart: Kröner},
  year = 	 {2006},
  OPTkey = 	 {},
  OPTvolume = 	 {},
  OPTnumber = 	 {},
  OPTseries = 	 {},
  OPTtype = 	 {},
  OPTaddress = 	 {},
  OPTedition = 	 {},
  OPTmonth = 	 {},
  pages = 	 {280},
  OPTnote = 	 {},
  OPTannote = 	 {}
}


@InBook{Fischer-Tiné10,
  author = 	 {C. Auffahrt, H.-G. Kippenberg, \& A. Michaels (Eds.)},
  editor = 	 {Fischer-Tiné, H.},
  title  = 	 {Wörterbuch der Religionen},
  chapter = 	 {Krishnamurti},
  publisher = 	 {Stuttgart: Kröner},
  year = 	 {2006},
  OPTkey = 	 {},
  OPTvolume = 	 {},
  OPTnumber = 	 {},
  OPTseries = 	 {},
  OPTtype = 	 {},
  OPTaddress = 	 {},
  OPTedition = 	 {},
  OPTmonth = 	 {},
  pages = 	 {296},
  OPTnote = 	 {},
  OPTannote = 	 {}
}


@InBook{Fischer-Tiné11,
  author = 	 {C. Auffahrt, H.-G. Kippenberg, \& A. Michaels (Eds.)},
  editor = 	 {Fischer-Tiné, H.},
  title  = 	 {Wörterbuch der Religionen},
  chapter = 	 {Maharishi Mahesh Yogi},
  publisher = 	 {Stuttgart: Kröner},
  year = 	 {2006},
  OPTkey = 	 {},
  OPTvolume = 	 {},
  OPTnumber = 	 {},
  OPTseries = 	 {},
  OPTtype = 	 {},
  OPTaddress = 	 {},
  OPTedition = 	 {},
  OPTmonth = 	 {},
  pages = 	 {318},
  OPTnote = 	 {},
  OPTannote = 	 {}
}


@InBook{Fischer-Tiné12,
  author = 	 {C. Auffahrt, H.-G. Kippenberg, \& A. Michaels (Eds.)},
  editor = 	 {Fischer-Tiné, H.},
  title  = 	 {Wörterbuch der Religionen},
  chapter = 	 {Neohinduismus},
  publisher = 	 {Stuttgart: Kröner},
  year = 	 {2006},
  OPTkey = 	 {},
  OPTvolume = 	 {},
  OPTnumber = 	 {},
  OPTseries = 	 {},
  OPTtype = 	 {},
  OPTaddress = 	 {},
  OPTedition = 	 {},
  OPTmonth = 	 {},
  pages = 	 {370-371},
  OPTnote = 	 {},
  OPTannote = 	 {}
}


@InBook{Fischer-Tiné13,
  author = 	 {C. Auffahrt, H.-G. Kippenberg, \& A. Michaels (Eds.)},
  editor = 	 {Fischer-Tiné, H.},
  title = 	 {Wörterbuch der Religionen},
  chapter = 	 {Radhakrishnan},
  publisher = 	 {Stuttgart: Kröner},
  year = 	 {2006},
  OPTkey = 	 {},
  OPTvolume = 	 {},
  OPTnumber = 	 {},
  OPTseries = 	 {},
  OPTtype = 	 {},
  OPTaddress = 	 {},
  OPTedition = 	 {},
  OPTmonth = 	 {},
  pages = 	 {419},
  OPTnote = 	 {},
  OPTannote = 	 {}
}


@InBook{Fischer-Tiné14,
  author = 	 {C. Auffahrt, H.-G. Kippenberg, \& A. Michaels (Eds.)},
  editor = 	 {Fischer-Tiné, H.},
  title = 	 {Wörterbuch der Religionen},
  chapter = 	 {Rajneesh},
  publisher = 	 {Stuttgart: Kröner},
  year = 	 {2006},
  OPTkey = 	 {},
  OPTvolume = 	 {},
  OPTnumber = 	 {},
  OPTseries = 	 {},
  OPTtype = 	 {},
  OPTaddress = 	 {},
  OPTedition = 	 {},
  OPTmonth = 	 {},
  pages = 	 {419},
  OPTnote = 	 {},
  OPTannote = 	 {}
}


@InBook{Fischer-Tiné15,
  author = 	 {C. Auffahrt, H.-G. Kippenberg, \& A. Michaels (Eds.)},
  editor = 	 {Fischer-Tiné, H.},
  title = 	 {Wörterbuch der Religionen},
  chapter = 	 {Ramana Maharshi},
  publisher = 	 {Stuttgart: Kröner},
  year = 	 {2006},
  OPTkey = 	 {},
  OPTvolume = 	 {},
  OPTnumber = 	 {},
  OPTseries = 	 {},
  OPTtype = 	 {},
  OPTaddress = 	 {},
  OPTedition = 	 {},
  OPTmonth = 	 {},
  pages = 	 {420},
  OPTnote = 	 {},
  OPTannote = 	 {}
}


@InBook{Fischer-Tiné16,
  author = 	 {C. Auffahrt, H.-G. Kippenberg, \& A. Michaels (Eds.)},
  editor = 	 {Fischer-Tiné, H.},
  title = 	 {Wörterbuch der Religionen},
  chapter = 	 {Sri Aurobindo},
  publisher = 	 {Stuttgart: Kröner},
  year = 	 {2006},
  OPTkey = 	 {},
  OPTvolume = 	 {},
  OPTnumber = 	 {},
  OPTseries = 	 {},
  OPTtype = 	 {},
  OPTaddress = 	 {},
  OPTedition = 	 {},
  OPTmonth = 	 {},
  pages = 	 {496},
  OPTnote = 	 {},
  OPTannote = 	 {}
}


@InBook{Fischer-Tiné17,
  author = 	 {C. Auffahrt, H.-G. Kippenberg, \& A. Michaels (Eds.)},
  editor = 	 {Fischer-Tiné, H.},
  title = 	 {Wörterbuch der Religionen},
  chapter = 	 {Sundar Singh},
  publisher = 	 {Stuttgart: Kröner},
  year = 	 {2006},
  OPTkey = 	 {},
  OPTvolume = 	 {},
  OPTnumber = 	 {},
  OPTseries = 	 {},
  OPTtype = 	 {},
  OPTaddress = 	 {},
  OPTedition = 	 {},
  OPTmonth = 	 {},
  pages = 	 {504},
  OPTnote = 	 {},
  OPTannote = 	 {}
}


@InBook{Fischer-Tiné18,
  author = 	 {C. Auffahrt, H.-G. Kippenberg, \& A. Michaels (Eds.)},
  editor = 	 {Fischer-Tiné, H.},
  title = 	 {Wörterbuch der Religionen},
  chapter = 	 {Tagore (Debendranath)},
  publisher = 	 {Stuttgart: Kröner},
  year = 	 {2006},
  OPTkey = 	 {},
  OPTvolume = 	 {},
  OPTnumber = 	 {},
  OPTseries = 	 {},
  OPTtype = 	 {},
  OPTaddress = 	 {},
  OPTedition = 	 {},
  OPTmonth = 	 {},
  pages = 	 {509},
  OPTnote = 	 {},
  OPTannote = 	 {}
}


@InBook{Fischer-Tiné19,
  author = 	 {C. Auffahrt, H.-G. Kippenberg, \& A. Michaels (Eds.)},
  editor = 	 {Fischer-Tiné, H.},
  title = 	 {Wörterbuch der Religionen},
  chapter = 	 {Tagore (Rabindranath)},
  publisher = 	 {Stuttgart: Kröner},
  year = 	 {2006},
  OPTkey = 	 {},
  OPTvolume = 	 {},
  OPTnumber = 	 {},
  OPTseries = 	 {},
  OPTtype = 	 {},
  OPTaddress = 	 {},
  OPTedition = 	 {},
  OPTmonth = 	 {},
  pages = 	 {509},
  OPTnote = 	 {},
  OPTannote = 	 {}
}


@InBook{Fischer-Tiné20,
  author = 	 {C. Auffahrt, H.-G. Kippenberg, \& A. Michaels (Eds.)},
  editor = 	 {Fischer-Tiné, H.},
  title = 	 {Wörterbuch der Religionen},
  chapter = 	 {Vivekananda},
  publisher = 	 {Stuttgart: Kröner},
  year = 	 {2006},
  OPTkey = 	 {},
  OPTvolume = 	 {},
  OPTnumber = 	 {},
  OPTseries = 	 {},
  OPTtype = 	 {},
  OPTaddress = 	 {},
  OPTedition = 	 {},
  OPTmonth = 	 {},
  pages = 	 {558},
  OPTnote = 	 {},
  OPTannote = 	 {}
}


@InBook{Frey2,
  author = 	 {Frey, M.},
  editor = 	 {B. Greiner, \& D. Walther},
  title = 	 {Heiße Kriege im Kalten Krieg},
  chapter = 	 {Die Vereinigten Staaten und die Dritte Welt während des Kalten Krieges},
  publisher = 	 {Hamburg: Hamburger Edition},
  year = 	 {2006},
  OPTkey = 	 {},
  OPTvolume = 	 {},
  OPTnumber = 	 {},
  OPTseries = 	 {},
  OPTtype = 	 {},
  OPTaddress = 	 {},
  OPTedition = 	 {},
  OPTmonth = 	 {},
  pages = 	 {27-56},
  OPTnote = 	 {},
  OPTannote = 	 {}
}


@Article{Frey3,
  author = 	 {Frey, M},
  title = 	 {Zivilgesellschaft in historischer Perspektive: Die Niederlande und Deutschland im 19. Jahrhundert},
  journal = 	 {Zentrum für Niederlande-Studien Jahrbuch für 2005},
  year = 	 {2006},
  OPTkey = 	 {},
  volume = 	 {16},
  OPTnumber = 	 {},
  pages = 	 {11-32},
  OPTmonth = 	 {},
  OPTnote = 	 {},
  OPTeprint =	 {},
  OPTannote = 	 {}
}


@InBook{Frey4,
  author = 	 {S. Förster, \& M. Pöhlmann (Eds.)},
  editor = 	 {Frey, M.},
  title = 	 {Kriegsherren der Weltgeschichte. 22 Historische Portraits},
  chapter = 	 {Mao Zedong. Nationalist und Despot},
  publisher = 	 {München: C.H. Beck},
  year = 	 {2006},
  OPTkey = 	 {},
  OPTvolume = 	 {},
  OPTnumber = 	 {},
  OPTseries = 	 {},
  OPTtype = 	 {},
  OPTaddress = 	 {},
  OPTedition = 	 {},
  OPTmonth = 	 {},
  pages = 	 {357-372},
  OPTnote = 	 {},
  OPTannote = 	 {}
}


@InBook{Spakowski3,
  author = 	 {N. Spakowski, \& C. Milwertz (Eds.)},
  editor = 	 {Spakowski, N., \& Milwertz, C.},
  title = 	 {Women and Gender in Chinese Studies},
  chapter = 	 {Introduction: Women and gender in Chinese Studies and the Women and Gender in Chinese Studies Network (WAGNet)},
  publisher = 	 {München: C.H. Beck},
  year = 	 {2006},
  OPTkey = 	 {},
  OPTvolume = 	 {},
  OPTnumber = 	 {},
  OPTseries = 	 {},
  OPTtype = 	 {},
  OPTaddress = 	 {},
  OPTedition = 	 {},
  OPTmonth = 	 {},
  pages = 	 {3-4},
  note = 	 {Special issue of Chinese History and Society/Berliner China-Hefte, 29},
  OPTannote = 	 {}
}


@InBook{Spiekermann1,
  author = 	 {F. Trentmann (Ed.)},
  editor = 	 {Spiekermann, U.},
  title = 	 {The making of the consumer. Knowledge, power and identity in the modern world},
  chapter = 	 {From neighbour to consumer. The transformation of retailer-consumer relationships in twentieth-century Germany},
  publisher = 	 {Oxford: Berg},
  year = 	 {2006},
  OPTkey = 	 {},
  OPTvolume = 	 {},
  OPTnumber = 	 {},
  OPTseries = 	 {},
  OPTtype = 	 {},
  OPTaddress = 	 {},
  OPTedition = 	 {},
  OPTmonth = 	 {},
  pages = 	 {147-174},
  OPTnote = 	 {},
  OPTannote = 	 {}
}


@InBook{Spiekermann2,
  author = 	 {Aid e.V. (Ed.)},
  editor = 	 {Spiekermann, U.},
  title = 	 {Ernährungskommunikation. Neue Wege - neue Chancen?},
  chapter = 	 {Warum scheitert Ernährungskommunikation?},
  publisher = 	 {Bonn: Aid},
  year = 	 {2006},
  OPTkey = 	 {},
  OPTvolume = 	 {},
  OPTnumber = 	 {},
  OPTseries = 	 {},
  OPTtype = 	 {},
  OPTaddress = 	 {},
  OPTedition = 	 {},
  OPTmonth = 	 {},
  pages = 	 {11-20},
  OPTnote = 	 {},
  OPTannote = 	 {}
}


@InBook{Spiekermann3,
  author = 	 {E. Barlösius, \& R. Rehaag (Ed.)},
  editor = 	 {Spiekermann, U.},
  title = 	 {Anforderungen an eine öffentliche Ernährungskommunikation},
  chapter = 	 {Warum scheitert die Ernährungskommunikation? Eine Antwort aus kulturwissenschaftlicher Perspektive},
  publisher = 	 {Berlin: Wissenschaftszentrum},
  year = 	 {2006},
  OPTkey = 	 {},
  OPTvolume = 	 {},
  OPTnumber = 	 {},
  OPTseries = 	 {},
  OPTtype = 	 {},
  OPTaddress = 	 {},
  OPTedition = 	 {},
  OPTmonth = 	 {},
  pages = 	 {39-51},
  OPTnote = 	 {},
  OPTannote = 	 {}
}


@InBook{Spiekermann4,
  author = 	 {R.-E. Mohrmann (Ed.)},
  editor = 	 {Spiekermann, U.},
  title = 	 {Essen und Trinken in der Moderne},
  chapter = 	 {Warenwelten. Die Normierung der Nahrungsmittel in Deutschland 1880-1930},
  publisher = 	 {Münster: Waxmann},
  year = 	 {2006},
  OPTkey = 	 {},
  OPTvolume = 	 {},
  OPTnumber = 	 {},
  OPTseries = 	 {},
  OPTtype = 	 {},
  OPTaddress = 	 {},
  OPTedition = 	 {},
  OPTmonth = 	 {},
  pages = 	 {99-124},
  OPTnote = 	 {},
  OPTannote = 	 {}
}


@InBook{Spiekermann5,
  author = 	 {F. Trentmann, \& F. Just (Ed.)},
  editor = 	 {Spiekermann, U.},
  title = 	 {Food and conflict in Europe in the age of the two World Wars},
  chapter = 	 {Brown bread for victory: German and British wholemeal politics in the interwar period},
  publisher = 	 {Basingstoke: Palgrave Macmillan},
  year = 	 {2006},
  OPTkey = 	 {},
  OPTvolume = 	 {},
  OPTnumber = 	 {},
  OPTseries = 	 {},
  OPTtype = 	 {},
  OPTaddress = 	 {},
  OPTedition = 	 {},
  OPTmonth = 	 {},
  pages = 	 {143-171},
  OPTnote = 	 {},
  OPTannote = 	 {}
}
