@Article{Schwaneberg1,
  author =   {Tee, K.L. and Schwaneberg, U.},
  title =    {{Gelenkte Evolution of Epoxygenasen}},
  journal =      {Chemie Ingenieur Technik},
  year =     {2006},
  volume =    {78},
  pages =     {1438-1439}
}

@Article{Schwaneberg2,
  author =   {Roccatano, D. and Wong, T.S. and Schwaneberg, U. and Zacharias, M.},
  title =    {Mechanism of inactivation of monooxygenase {P450} {BM}-3 by dimethylsulphoxide:   insights from molecular dynamics simulations},
  journal = {Biopolymers},
  note =     {ahead of print},
  year =      {2006}
}

@Article{Schwaneberg3,
  author =   {Onaca, O. and Nallani, M.  and Ihle, S. and Schenk, A. and Schwaneberg, U.},
  title =    {{Functionalized nanocompartments (Synthosomes): limitations and prospective applications in industrial biotechnology}},
  journal =      {Biotechnology Journal},
  year =     {2006},
  volume =    {7-8},
  pages =     {795-805}
}

@Article{Schwaneberg4,
  author =   {Tee, K.L. and Schwaneberg, U.},
  title =    {A screening system for directed evolution of opoxygenases: validation   reveals importance of position 184 in {P450} {BM3} for stereoselective styrene epoxydation},
  journal =      {Angewandte Chemie},
  year =     {2006},
  volume =    {45},
  pages =     {8380-5383}
}

@Article{Schwaneberg5,
  author =   {Nallani, M. and Onaca, O. and Hoheisel, W. and Schwaneberg, U.},
  title =    {A nanophosphors based method for selective {DNA} recovery in Synthosomes},
  journal =      {Biotechnology Journal},
  year =     {2006},
  volume =    {7-8},
  pages =     {2006}
} 

@Article{Schwaneberg6,
  author =   {Schenk, A. and Wong, T.S. and Roccatano, D. and Hauer, B. and Schwaneberg, U.},
  title =    {{SeSaM (Sequence Saturation Mutagenesis): Eine Methode zur S/"{a}ttigungsmutagenese eines Genes}},
  journal =  {BIOspektrum},
  year =     {2006},
  volume =    {3},
  pages =     {277-279}
} 

@Article{Schwaneberg7,
  author =   {Nazor, J. and Schwaneberg, U.},
  title =    {{Laboratory evolution of P450 BM-3 for mediated electron transfer}},
  journal =      {ChemBioChem},
  year =     {2006},
  volume =    {7},
  pages =     {638-644}
} 


@Article{Schwaneberg8,
  author =   {Nallani, M. and Graf, A. and Onaca, O. and Lindemann, M. and Winterhalter, M. and Meier, W. and Schwaneberg, U.},
  title =    {A nanocompartment (nanocontainer) system suitable for biotechnological applications},
  journal =      {J. Biotechnol.},
  year =     {2006},
  volume =    {123},
  pages =     {50-59}
}

@Article{Schwaneberg9,
  author =   {Wong, T.S. and Roccatano, D. and Zacharias, M. and Schwaneberg, U.},
  title =    {A statistical analysis of current random mutagenesis methods for directed protein evolution},
  journal =      {J. Mol. Biol.},
  year =     {2006},
  volume =    {355},
  pages =     {858-871}
}

@Article{Schwaneberg10,
  author =   {Zhu, Z. and Momeu, C. and Zakhartsev, M. and Hernandez, J.C. and Schwaneberg, U.},
  title =    {Making glucose oxidase fit for biofuel cell applications by directed protein evolution},
  journal =      {Biosens. \& Bioelectron},
  year =     {2006},
  volume =    {21},
  pages =     {2046-2051}
}

@Article{Schwaneberg11,
  author =   {Wong T.S. and Zhurina, D. and Schwaneberg, U.},
  title =    {The diversity challenge in directed protein evolution},
  journal =      {Comb. Chem. High Throughput Screen},
  year =     {2006},
  volume =    {9},
  pages =     {271-289}
} 

@Article{Schwaneberg12,
  author =   {Wong, T.S. and Schwaneberg, U. and Hauer, B. and Breuer, B.},
  title =    {A filter-paper based assay for laboratory evolution of hydrolases and dehydrogenases},
  journal =      {Comb. Chem High Throughput Screen},
  year =     {2006},
  volume =    {9},
  pages =     {289-293}
}
