@Article{Tautz1,
  author =   {Kraft, A. and Temirov, R. and Henze, S. K. M. and Soubatch, S. and Rohlfing,
              M. and Tautz, F. S.},
  title =    {Lateral adsorption geometry and site-specific electronic               structure of a large organic chemisorbate on a metal surface},
  journal =   {Physical Review B},
  volume =    {74},
  year =      {2006},
  pages =     {041402(R)}
}
@Article{Tautz2,
  author =   {Baster, T. and Tautz, F. S. and Polyakov, V. M. and Ibach, H. and
  Sloboshanin, S. and \"{O}ttking, R. and Schaefer, J. A.},
  title =    {Strong dispersion of the surface optical phonon of silicon   carbide in the near vicinity of the surface Brillouin zone center},
  journal =      {Surface Science},
  volume =    {600},
  year =     {2006},
  pages =     {2886}
}
@Article{Tautz3,
  author =   {Eremtchenko, M. and Tautz, F. S. and \"{O}ttking, R. and Schaefer, J.A. },
  title =    {Surface phonons of clearn, hydrogen- and deuterium-terminated Si(001) surfaces},
  journal =      {Surface Science},
  volume =    {600},
   year =     {2006},
  pages =     {3446}
}
@Article{Tautz4,
  author =   {Soubatch, S. and Temirov, R. and Weinhold, M. and Tautz, F. S.},
  title =    {The interplay between molecular orientation, film   morphology and luminescence properties of tetracene thin films on epitaxial {AlOx}/Ni$_{3}$Al(111) },
  journal =      {Surface Science},
  volume =    {600},
  year =     {2006},
  pages =    {4679}
}
@Article{Tautz5,
  author =   {Temirov, R. and Soubatch, S. and Luican, A. and Tautz, F. S.},
  title =    {Free-electron-like dispersion in an organic monolayer film on a metal   substrate },
  journal =      {Nature},
  volume =    {444},
  year =      {2006},
  pages =     {350-353}
}
@Article{Tautz6,
  author =   {Soubatch, S. and Temirov, R. and Tautz, F.  S.},
  title =    {Molecular flexibility as a factor affecting the surface ordering of   organic adsorbates on metal substrates },
  journal =      {Langmuir},
  volume =    {22},
  year =     {2006},
  pages =    {9572}
}
@Article{Tautz7,
  author =   {Weinhold, M. and Temirov, R. and Soubatch, S. and Jastorff, B. and Rolfing M. and Tautz, F. S. and Doose, C.},
  title =    {Structure and bonding of the multifunctional amino acid L-{DOPA} on Au(110) },
  journal =      {Journal of Physical Chemistry B}, 
  note = {in press}
}
@Unpublished{Tautz8,
  author =   {Henze, S. K. M. and Bauer, O. and Sokolowski, M. and Tautz, F. S.},
  title =    {Vertical bonding distances of {PTCDA} above Au(111) and Ag(111): Relation to the bonding type},
  note =     {submitted}
}
@Unpublished{Tautz9,
  author =   {Temirov, R. and Tautz, F. S.},
  title =    {Kondo effect by controlled cleavage of a single molecule contact},
  note =     {submitted},
  eprint = {cond-mat/0612036}
}
@Unpublished{Tautz10,
  author =   {Kilian, L. and Hauschild, A. and Temirov, R. and Soubatch, S. and Sch\"oll, A. and
  Bendounan, A. and Reinert, R. and Tautz, F. S. and Sokolowski, M. and Umbach, E.},
  title =    {A structural and electronic phase transition at a metal-organic interface:   The role of intermolecular interactions},
  note =     {submitted}
}
@MastersThesis{Weinhold1,
  author =   {Weinhold, M.},
  title =    {Surface adsorption of the multifunctional amino acid {DOPA} on single crystalline metals},
  school =   {Universit\"at Bremen},
  year =     {2005}
}
