@Article{Kortz1,
  author =   {Prinz, M. and Tak\'acs, A. and Schnack, J. and Balasz, I.
  and Burzo, E. and Kortz, U. and Kuepper, K. and Neumann, M.},
  title =    {Magnetic and electronic properties of the iron-containing polyoxotungstate   \BPChem{[Fe\_4(H\_2O)\_{10}($\beta$-{SbW}\_9O\_{33})\_2]\^{6-}}},
  journal =      {J. Appl. Phys.},
  year =     {2006},
  volume =    {99},
  pages =     {08J505}
}

@Article{Kortz2,
  author =   {Hussain, F. and  Kortz, U. and Keita, B. and Nadjo, L. and Pope, M.T.},
  title =    {Tetrakis-Dimethyltin Containing Tungstophosphate   \BPChem{[{Sn({CH}\_3)\_2}\_4(H\_2P\_4W\_{24}O\_{92})\_2]\^{28-}}: Fist Evidence for Lacunary Preyssler Ion},
  journal =      {Inorg. Chem.},
  year =     {2006},
  volume =    {45},
  pages =     {761--766}
}


@Article{Kortz3,
  author =   {Bi, L.-H. and Kortz, U. and Dickman, M.H. and Nellutla, S. and
  Dalal, N. S. and Keita, B. and Nadjo, L. and Prinz, M. and Neumann, M.},
  title =    {Polyoxoanion with Octahedral Germanium({IV}) Hetero Atom: Synthesis, Structure,   Magnetism, {EPR}, Electrochemistry and {XPS} Studies on the Mixed-Valence 14-Vandogermanate   \BPChem{[{GeV}\^V\_{12}V\^{IV}\_2O\_{40}]\^{8-}}},
  journal =      {J. Clust. Sci.},
  year =     {2006},
  volume =    {17},
  pages =     {143--165}
}


@Article{Kortz4,
  title =   {Introduction: A Special Issue Dedicated to Michael T. Pope},
  author =    {Kortz, U. and M\"uller, A.},
  journal =      {J. Clust. Sci},
  year =     {2006},
  volume =    {17},
  pages =     {139--141}
}


@Article{Kortz5,
  author =   {Bonchio, M. and Carraro, M. and Sartorel, A. and Scorrano, G. and Kortz, U.},
  title =    {Bio-Inspired Oxidations with Polyoxometalate Catalysts},
  journal =      {J. Mol. Cat. A: Chem.},
  year =     {2006},
  volume =    {251},
  pages =     {93--99}
}

@Article{Kortz6,
  author =   {Bassil, B. S. and Dickman, M. H. and Kortz, U.},
  title =    {Synthesis and Structure of Asymmetric Zirconium-Substituted Silicotungstates   \BPChem{[Zr\_6O\_2({OH})\_4(H\_2O)\_3($\beta$-{SiW}\_{10}O\_{37})\_3]\^{14-}} and
  \BPChem{[Zr\_4O\_2(OH)\_2(H\_2O)\_4($\beta$-SiW\_{10}O\_{37})\_2]\^{10-}}},
  journal =      {\mbox{Inorg.} Chem.},
  year =     {2006},
  volume =    {45},
  pages =     {2394--2396}
}

@Article{Kortz7,
  author =   {Alam, M. S. and Dremov, V. and M\"uller, P. and Postnikov, A. V. and Mal, S. S.
  and Hussain, F. and Kortz, U.},
  title =    {{STM}/{STS} Observation of Polyoxoanions on {HOPG} Surfaces: The Wheel-shaped   \BPChem{[Cu\_{20}Cl({OH})\_{24}(H\_2O)\_{12}(P\_8W\_{48}O\_{184})]\^{25-}} and the Ball-shaped
  \BPChem{[\{Sn(CH\_3)\_2(H\_2O)\}\_{24}\{Sn(CH\_3)\_2\}\_{12}($A$-PW\_9O\_{34})\_{12}]\^{36-}}},
  journal =      {Inorg. Chem.},
  year =     {2006},
  volume =    {45},
  pages =     {2866--2872}
}

@Article{Kortz8,
  author =   {Choi, K.-Y. and Matsuda, Y. H. and Nojiri, H. and Kortz, U. and Hussain, F.
  and Stowe, A. C. and Ramsey, C. and Dalal, N. S.},
  title =    {Observation of a Half Step Magnetization in the \BPChem{\{Cu\_3\}}-Type Triangular Spin Ring},
  journal =      {Phys. Rev. Lett.},
  year =     {2006},
  volume =    {96},
  pages =     {107202}
}

@Article{Kortz9,
  author =   {Nsouli, N. H. and Bassil, B. S. and Dickman, M. H. and Kortz, U. and Keita, B. and Nadjo, L.},
  title =    {Synthesis and Structure of Dilacunary Decatungstogermanate, \BPChem{[$\gamma$-{GeW}\_{10}O\_{36}]\^{8-}}},
  journal =      {Inorg. Chem.},
  year =     {2006},
  volume =    {45},
  pages =     {3858--3860}
}

@Article{Kortz10,
  author =   {Liu, G. and Liu, T. and Mal, S. S. and U. Kortz},
  title =    {Wheel-Shaped Polyoxotungstate \BPChem{[Cu\_{20}Cl( O H)\_{24}(H\_2O)\_{12}(P\_8W\_{48}O\_{184})]\^{25-}} Macroanion Forms Supramolecular ''Blackberry'' Structure in Aqueous Solution},
  journal =      {J. Am. Chem. Soc.},
  year =     {2006},
  volume =    {128},
  pages =     {10103--10110}
}

@Article{Kortz11,
  author =   {Sadakane, M. and Tsukuma, D. and Dickman, M. H. and Kortz, U. and Ueda, W. and Higashijima, M.},
  title =    {Structural Characterization of Mono-Ruthenium Substituted Keggin-Type Silicotungstates},
  journal =      {Dalton Trans.},
  year =     {2006}
}

@Article{Kortz12,
  author =   {Bassil, B. S. and Dickman, M. H. and Reicke, M. and Kortz, U. and Keita, B. and Nadjo, L.},
  title =    {Transition Metal Containing Decatungstosilicate Dimer \BPChem{[M(H\_2O)\_2($\gamma$-{SiW}\_{10}O\_{35})\_2]\^{10-}}
  \BPChem{(M = Mn\^{2+}, Co\^{2+}, Ni\^{2+})}},
  journal =      {Dalton Trans.},
  year =     {2006}
}

@Article{Kortz13,
  author =   {Bi, L.-H. and Chubarova, E. V. and Nsouli, N. H. and Dickman, M. H. and Kortz,
  U. and Keita, B. and Nadjo, L.},
  title =    {Dilacunary Decatungstates Functionalized by Organometallic Ruthenium(II) \BPChem{[\{Ru(C\_6H\_6)(H\_2O)\}\{Ru(C\_6H\_6)\}($\gamma$-XW\_{10}O\_{36})]$^{4-}$} (X = Si, Ge)},
  journal =      {Inorg. Chem.},
  year =     {2006},
  volume =    {45},
  pages =     {8575--8583}
}

@Article{Kortz14,
  author =   {Bakirci, H. and Koner, A. L. and Dickman, M. H. and Kortz, U. and Nau, W. M.},
  title =    {Dynamically Self-Assembling Metalloenzyme Models. Host-Assisted Metal-Ligand   Bond Formation by Calixarenes and Selectivity Enhancement due to Triple Recogition },
  journal =      {Angew. Chem.},
  year =     {2006},
  volume =    {45},
  pages =     {7400--7404}
}

@Article{Kortz15,
  author =   {Reinoso, S. and Dickman, M. H. and Reicke, M. and Kortz, U.},
  title =    {Hybrid Organic-Inorganic Assemblies Based on Molybdates and Dimethyltin Linkers},
  journal =      {Inorg. Chem.},
  year =     {2006},
  volume =    {45},
  pages =     {9014--9019}
}


@Unpublished{Kortz16,
  author =   {Bonchio, M. and Carraro, M. and Farinazzo, A. and Sartorel, A. and Scorrano, G. and Kortz, U.},
  title =    {Aerobic Oxidation of $cis$-Cyclooctene by iron-Substituted Polyoxotungstates:   Evidence for a metal initiated auto-oxidation mechanim},
  note =     {J. Mol. Cat. A: Chem., in press},
  year =      {2006}
}

@Unpublished{Kortz17,
  author =   {Hussain, F. and Dickman, M. H. and Kortz, U. and Keita, B. and Nadjo, L.
  and Khitrov, G. A. and Marshall, A. G.},
  title =    {Trimeric Cyclic Dimethyltin-Containing Tungstophosphate \BPChem{[\{(Sn({CH}\_3)\_2)(Sn({CH}\_3)\_2O)($A$-{PW}\_9O\_{34})\}\_3]\^{21-}}},
  note =     {J. Clust. Sci. in press},
  year =      {2006}
}

@Unpublished{Kortz18,
  author =   {Reinoso, S. and Dickman, M. H. and Kortz, U.},
  title =    {A Novel Hexatungstate Fragment Stabilized by Dimethltin Groups: \BPChem{[\{(CH\_3)\_2Sn\}\_2(W\_6O\_{22})]\^{4-}}},
  note =     {Inorg. Chem. in press},
  year =      {2006}
}

@Unpublished{Kortz19,
  author =   {Bassil, B. S. and Dickman, M. H. and von der Kammer, B. and Kortz, U.},
  title =    {Dimeric Mono-Lanthanide Containing Silicotungstates \BPChem{[Ln($\beta$\_2-{SiW}\_{11}O\_{39})\_2]\^{13-}}
  (Ln = La, Ce, Sm, Eu, Gd, Tb, Yb, Lu)},
  note =     {Inorg. Chem. in press},
  year =      {2006}
}

@InBook{Kortz20,
  editor =    {Ulrich Kortz (IUB) and Achim M\"uller (Univ. Bielefeld)},
  title =    {Journal of Cluster Science},
  chapter =      {A Special Issue Dedicated to Michael T. Pope},
  publisher =    {Springer},
  year =     {2006}
}
