@Article{Stoll1,
  author = 	 {M. Stoll},
  title = 	 {Independence of rational points on twists of a given curve},
  journal = 	 {Compositio Mathematica},
  year = 	 {2006},
  volume = 	 {142},
  pages = 	 {1201--1214},
  eprint =	 {math.NT/0603557}
}

@Article{Stoll2,
  author = 	 {B. Poonen and E.F. Schaefer and M. Stoll},
  title = 	 {Twists of ${X}(7)$ and primitive solutions to $x^2 + y^3 = z^7$},
  journal = 	 {Duke Mathematical Journal},
  year =         {to appear},
  eprint =	 {math.NT/0508174}
}

@Article{Stoll3,
  author = 	 {M. Stoll},
  title = 	 {On the number of rational squares at fixed distance from a fifth power},
  journal = 	 {Acta Arithmetica},
  year = 	 {2006},
  volume = 	 {125},
  pages = 	 {79--88},
  eprint =	 {math.NT/0604425}
}

@Article{Stoll4,
  author = 	 {N. Bruin and M. Stoll},
  title = 	 {Deciding existence of rational points on curves: an experiment},
  journal = 	 {Experimental Mathematics},
  year =         {accepted},
  eprint =	 {math.NT/0604524}
}

@Article{Stoll5,
  author = 	 {D. Schleicher and M. Stoll},
  title = 	 {An introduction to {C}onway's games and numbers},
  journal = 	 {Moscow Mathematical Journal},
  year = 	 {2006},
  volume =	 {6},
  number =	 {2},
  pages = 	 {359--388},
  eprint =	 {math.CO/0410026}
}

@PhdThesis{Stamminger,
  author = 	 {S. Stamminger},
  title = 	 {Explicit 8-descent on elliptic curves},
  school = 	 {International University Bremen},
  year = 	 {2006},
  note = 	 {External Reviewer: Cremona (Nottingham)}
}

@Article{StollandCFOS1,
  author = 	 {J.E. Cremona and T.A. Fisher and C. O'Neil and  D. Simon and M. Stoll},
  title = 	 {Explicit $n$-descent on elliptic curves. {I}. {A}lgebra},
  journal = 	 {Journal f\"ur die reine und angewandte Mathematik},
  year =         {accepted},
  eprint =	 {math.NT/0606580}
}

@Unpublished{StollandCFOS2,
  author = 	 {J.E. Cremona and T.A. Fisher and C. O'Neil and D. Simon and M. Stoll},
  title = 	 {Explicit $n$-descent on elliptic curves. {{II}}. {G}eometry},
  note = 	 {Preprint, submitted},
  year = 	 {2006},
  eprint =	 {math.NT/0611606}
}

@Unpublished{Stoll6,
  author = 	 {M. Stoll},
  title = 	 {Finite descent obstructions and rational points on curves},
  note = 	 {Preprint, submitted},
  year = 	 {2006},
  eprint =	 {math.NT/0606465}
}

