@Article{Bijma1,
     author    = {Schouten, S. and Ossebaar, J. and Schreiber, K. and Kienhuis, M. V. M. and Langer, G. and Benthien, A. and Bijma, J.},
     title     = {The effect of temperature, salinity and growth rate on the stable hydrogen isotopic composition of long chain alkenones produced by { {\it Emiliania huxleyi and Gephyrocapsa oceanica}}},
     journal   = {Biogeosciences},
     volume    = {3},
     year      = {2006},
     pages     = {113-119}
}
     
@Article{Bijma2,
     author    = {Vering, G. and Crone, C. and Kathers, P. and Bijma, J. and Arlinghaus, H. F.},
     title     = {Resonant laser-{{SNMS}} of boron for analysis of paleoceanographic samples},
     journal   = {Appl.Surf.Sci.},
     volume    = {252},
     year      = {2006},
     pages     = {7163-7166}
}

@Article{Bijma3,
     author    = {Ridgwell, A. and Zondervan, I. and Hargreaves, J. and Bijma, J. and Lenton, T.},
     title     = {Significant long-term increase of fossil fuel {{CO}$_2$} uptake from reduced marine calcification}, 
     journal   = {Biogeosciences Discussions},
     year      = {2006},
     pages     = {1763-1780}
}

@Article{Bijma4,
     author    = {G. Nehrke and Reichart, G. J. and Van Cappellen, P. and Meile, C. and Bijma, J.},
     title     = {Dependence of calcite growth rate and {Sr} partitioning on solution stoichiometry: Non-{K}ossel crystal growth},
     journal   = {Geochimica Cosmochimica Acta},
     year      = {in press, 2006},
}






