
@article{Hilgetag1,
   Author = {Ghashghaei, H.T. and Hilgetag, C.C. and Barbas, H.},
   Title = {{Sequence of Information Processing for Emotions - The Anatomic Dialogue between Prefrontal Cortex and the Amygdala}},
   Journal = {NeuroImage},
   Volume = {in press},
 Year = {2006} }



@article{Hilgetag2,
   Author = {Hilgetag, C.C.},
   Title = {{Principles of Brain Connectivity Organization}},
   Journal = {Behavioral and Brain Sciences, Cambridge Univ Press},
   Volume = {29},
   Number = {1},
   Pages = {18-19},
   Note = {},
   Year = {2006} }



@article{Hilgetag3,
   Author = {Hilgetag, C.C. and Barbas, H.},
   Title = {{Role of Mechanical Factors in the Morphology of the Primate Cerebral Cortex}},
   Journal = {PLoS Comput Biol},
   Volume = {2},
   Number = {3},
   Pages = {e22},
   Note = {},
   Year = {2006} }



@article{Hilgetag4,
   Author = {Hilgetag, C.C. and Kaiser, M.},
   Title = {{Organization and Function of Complex Cortical Networks}},
   Journal = {Springer Lecture Notes in Computer Science},
   Volume = {},
   Note={in press},
 Year = {2006} }



@article{Hilgetag5,
   Author = {Kaiser, M. and Hilgetag, C.C.},
   Title = {{Multi-Clustered Cortical Networks Arise from Developmental Time Windows for Spatial Growth}},
   Journal = {NeuroComputing},
   Volume = {},
   Note={in press},
 Year = {2006} }



@article{Hilgetag6,
   Author = {Kaiser, M. and Hilgetag, C.C.},
   Title = {{Nonoptimal Component Placement, but Short Processing Paths, due to Long-Distance Projections in Neural Systems}},
   Journal = {PLoS Comput Biol},
   Volume = {2},
   Number = {7},
   Pages = {e95},
   Note = {},
 		Year = {2006} }



@article{Hilgetag7,
   Author = {Keinan, A. and Sandbank, B. and Hilgetag, C.C. and Meilijson, I. and Ruppin, E.},
   Title = {{Axiomatic Scalable Neurocontroller Analysis via the Shapley Value}},
   Journal = {Artif Life},
   Volume = {12},
   Number = {3},
   Pages = {333-52},
   Note = {},
 	 Year = {2006} }



@article{Hilgetag8,
   Author = {Rushmore, R.J. and Valero-Cabre, A. and Lomber, S.G. and Hilgetag, C.C. and Payne, B.R.},
   Title = {{Functional Circuitry Underlying Visual Neglect}},
   Journal = {Brain},
   Volume = {129},
   Number = {Pt 7},
   Pages = {1803-21},
   Note = {},
   Year = {2006} }



@incollection{Hilgetag9,
   Author = {White, T. and Hilgetag, C.C.},
   Title = {{Gyrification and Development of the Human Brain}},
   BookTitle = {Developmental Cognitive Neurscience},
   Editor = {Nelson, C.A.  and Luciana, M.},
   Pages = {},
   Note={in press},
 Year = {2006} }



@article{Hilgetag10,
   Author = {Zhou, C. and Zemanova, L. and Zamora, G. and Hilgetag, C.C. and Kurths, J.},
   Title = {{Hierarchical Organization Unveiled by Functional Connectivity in Complex Brain Networks}},
   Journal = {Phys Rev Lett},
   Volume = {},
   Note={in press},
 Year = {2006} }

