
@Article{angela1,
author={Sch\"{a}fer, A. and Unnithan, V. and Baumann, P.}, year={2006}, title={Integrated webmapping solution for distributed data}, journal={Geophysical Research Abstracts}, volume = {8}, pages={8904}
}
% . SRef-ID:1607-7962/gra/EGU06-A-08904

@Article{unnithan1,
author={Unnithan, V. and Praeg, D. and Camerlenghi, A.}, year={2006}, title={Gas Hydrate Stability in the Mediterranean Sea over Glacial-Interglacial Timescales: Results from the HYDRAMED Project}, journal={Eos Trans. AGU}, volume={ 87}, number={52}
}

@Article{ceramicola1,
author={Ceramicola, S. and Praeg, D. and Cova, A. and Monteys, X. and Unnithan, V. and  Garziglia, S. and the OGS Explora Scientific Party}, year={2006}, title={Seabed   imagery of newly-discovered mud volcanoes in the central  Mediterranean Sea (Calabrian Arc): results from {HERMES}-{HYDRAMED} {IONIO} 2005}, journal ={Geophysical Research Abstracts}, volume={8} 
}



@Article{ceramicola2,
author={Ceramicola, S. and Praeg, D. and the OGS Explora Scientific Party}, year={2006}, title={Mud volcanoes discovered on the Calabrian Arc : preliminary results from the HERMES-HYDRAMED IONIO 2005 campaign}, journal={Fluid Seepages / Mud Volcanism in the Mediterranean and Adjacent Domains, Bologna, 19-22 October 2005; Commission Internationale pour l'Exploration Scientifique de la mer Méditerranée, CIESM Workshop Monographs}, volume={29}, pages={35-39}
}
@Article{ceramicola3,
author={Ceramicola, S. and Praeg, D. and Monteys, X. and Unnithan, V. and Wardell, N. and Cova, A. and Garziglia, S. and the OGS Explora Scientific Party}, year={2006}, title={  Imaging of a new province of seabed cold seeps in the northern Ionian Sea (Calabrian Arc) --- towards ecosystems mapping}, journal={Geophysical Research Abstracts}, volume={8}
}

@Article{praeg1,
author={Praeg, D. and Unnithan, V. and Camerlenghi, A. and Lazzari,  P. and Salon, S. and Tinivella, U. and  Zanolla, C.},  year={2006}, title={Gas hydrate stability in the   Mediterranean Sea since the last glacial maximum: results from the {HYDRAMED} project}, journal={ Geophysical Research Abstracts}, volume={8}
}

@Article{praeg2,
author={Praeg, D. and Ceramicola, S. and Wardell, D. and Unnithan, V. }, year={2006}, title={High- resolution 3D-seismic imaging of twin mud volcanoes on the Calabrian  Arc: results from the HERMES-HYDRAMED IONIO 2005 campaign}, journal={ Geophysical Research Abstracts}, volume={8}
}

@Article{praeg3,
author={Praeg, D. and Unnithan, V. and Camerlenghi, A. and Lazzari, P. and Salon, S. and  Tinivella and U. and Zanolla, C.}, year={2006}, title={Gas hydrate stability and prospectivity in the Mediterranean Sea (HYDRAMED project)}, journal={Sediment-hosted Gas Hydrates: New Insights on Natural and Synthetic Systems}, publisher={Geological Society, London}, pages={27}
}
