This file was created with JabRef 2.2b2.
Encoding: Cp1252

@ARTICLE{Nonaka2006,
  author = {Nonaka, I. and von Krogh, G. and Voelpel, S.},
  title = {{O}rganizational {K}nowledge {C}reation {T}heory: {E}volutionary
	paths and future advances},
  journal = {Organization Studies},
  year = {2006},
  volume = { 27},
  pages = {1179-1208},
  number = {8},
  owner = {Adrian},
  timestamp = {2006.12.17}
}

@ARTICLE{Voelpel2006,
  author = {Voelpel, S. and Dous, M.},
  title = {{L}ost {K}nowledge: {C}onfronting the {T}hreat of an {A}ging {W}orkforce
	by{ D. D}e{L}ong ({R}eview article)},
  journal = {Academy of Management Perspectives},
  year = {2006},
  volume = {19},
  owner = {Adrian},
  timestamp = {2006.12.17}
}

@INCOLLECTION{Voelpel,
  author = {Voelpel, S. and Dous, M. and Kolbe, L. and Brenner, W.},
  title = {Disseminating Knowledge throughout the Organization: A Best Practice
	from Siemens},
  booktitle = {{C}ultures of {K}nowledge: {H}ow {KM} {P}ractitioners {N}urture and
	{S}ustain {K}nowledge {C}reating {C}ultures: {T}he {KM} {C}hronicles,
	{T}ravelogue 3},
  publisher = {Butterworth-Heinemann},
  year = {in press},
  editor = {Rao, M.},
  owner = {Adrian},
  timestamp = {2006.12.17}
}

@ARTICLE{Voelpel2006a,
  author = {Voelpel, S. and Meyer, J.},
  title = {{C}omplex {K}nowledge: {S}tudies in {O}rganizational {E}pistemology
	by {H. T}soukas ({R}eview article)},
  journal = {Organization Studies},
  year = {2006},
  volume = {27},
  pages = {1563-1569},
  number = {10},
  owner = {Adrian},
  timestamp = {2006.12.17}
}

@ARTICLE{Voelpel2006b,
  author = {Voelpel, S. and von Pierer, H. and Streb, C.},
  title = {{M}obilizing {O}rganizations for {I}nnovation and {V}alue {C}reation:
	{A}n {I}ntegrated {M}odel of the {M}obile {C}ompany},
  journal = {Journal of Knowledge Management},
  year = {2006},
  volume = {10},
  pages = {5-21},
  number = {6},
  owner = {Adrian},
  timestamp = {2006.12.17}
}

@ARTICLE{Voelpel2006),
  author = {Voelpel, S. and Streb, C.},
  title = {{S}ticky {K}nowledge: {B}arriers to {K}nowing in the {F}irm by {G.
	S}zulanski ({R}eview article)},
  journal = {Academy of Management Learning and Education},
  year = {2006},
  volume = {05},
  pages = {249-251},
  number = {2},
  owner = {Adrian},
  timestamp = {2006.12.17}
}

@comment{jabref-meta: selector_journal:}

@comment{jabref-meta: selector_author:}

@comment{jabref-meta: selector_keywords:}

@comment{jabref-meta: selector_publisher:}

