This file was created with JabRef 2.2b2.
Encoding: Cp1252

@INCOLLECTION{Schwender,
  author = {Schwender, Clemens},
  title = {On the History of Instructional Drawings},
  booktitle = {{T}echnology-{O}riented {C}ommunication ({TOC}), {E}dinburgh},
  year = {in press},
  editor = {Rothkegel and Annely and Laffling and Chemnitz and John},
  note = {HSK-Band 9 (Handb{\"u}cher f{\"u}r angewandte Sprachwissenschaft
	ed. by Gerd Antos und Karlfried Knapp at Mouton de Gruyter).},
  owner = {Adrian},
  timestamp = {2006.12.17}
}

@ARTICLE{Schwender2006,
  author = {Schwender, C. and K{\"o}hler, C.},
  title = {{I}ntroducing seniors to new media technology—new ways of thinking
	for a new target group},
  journal = {technical communication},
  year = {2006},
  volume = {53, 4},
  pages = {464-470},
  owner = {Adrian},
  timestamp = {2006.12.17}
}

@comment{jabref-meta: selector_journal:}

@comment{jabref-meta: selector_author:}

@comment{jabref-meta: selector_keywords:}

@comment{jabref-meta: selector_publisher:}

