This file was created with JabRef 2.2b2.
Encoding: Cp1252

@INCOLLECTION{Staudinger2006,
  author = {Staudinger, {U. M.}},
  title = {Wisdom},
  booktitle = {{C}oncise {C}orsini encyclopedia of psychology and behavioral science},
  publisher = {New York: Wiley},
  year = {2006},
  editor = {{W. E.} Craighead and C. Nemeroff},
  owner = {Adrian},
  timestamp = {2006.12.18}
}

@INCOLLECTION{Staudinger2006a,
  author = {Staudinger, {U. M.}},
  title = {F{\"o}rderung des produktiven {L}ebens im {A}lter},
  booktitle = {{E}nzyklop{\"a}die der {P}sychologie},
  publisher = {G{\"o}ttingen: Hogrefe},
  editor = {F. Petermann and W. Schneider},
  volume = {7},
  year = {in press},
  owner = {Adrian},
  timestamp = {2006.12.18}
}

@INCOLLECTION{Staudinger2006b,
  author = {Staudinger, {U. M.} and D{\"o}rner, J.},
  title = {{W}eisheit, {E}insicht und {P}ers{\"o}nlichkeit [{W}isdom, insight,
	and personality]},
  booktitle = {{L}ehrbuch zur {E}ntwicklungspsychologie der {L}ebensspanne},
  publisher = {Stuttgart: Kohlhammer},
  year = {2006},
  editor = {J. Brandtst{\"a}dter and U. Lindenberger},
  owner = {Adrian},
  timestamp = {2006.12.18}
}

@INCOLLECTION{Staudinger,
  author = {Staudinger, {U. M.} and D{\"o}rner, J.},
  title = {Wisdom},
  booktitle = {{E}ncyclopedia of {G}erontology (2nd ed.)},
  publisher = {Oxford, UK: Elsevier},
  year = {in press},
  owner = {Adrian},
  timestamp = {2006.12.18}
}

@comment{jabref-meta: selector_journal:}

@comment{jabref-meta: selector_author:}

@comment{jabref-meta: selector_keywords:}

@comment{jabref-meta: selector_publisher:}

