This file was created with JabRef 2.2b2.
Encoding: Cp1252

@BOOK{Fasang2006,
  title = {{J}ob satisfaction and labour market mobility in the {E}uropean {U}nion},
  publisher = {{R}eport to the {E}uropean {F}oundation for the improvement of working
	and living conditions, {D}ublin},
  year = {2006},
  author = {Fasang, A. and Geerdes, S. and Sch{\"o}mann, K. and Siarov, L.},
  owner = {Adrian},
  timestamp = {2006.12.17}
}

@ARTICLE{Geerdes,
  author = {Geerdes, S. and Sch{\"o}mann, K.},
  title = {Employment},
  journal = {Benchmarking Working Europe},
  volume = {4},
  pages = {28-41},
  owner = {Adrian},
  timestamp = {2006.12.17}
}

@TECHREPORT{Schoemann2006,
  author = {Sch{\"o}mann, K. and Siarov, L.},
  title = {{S}ynthesis {R}eport: {C}orrecting for labour market failure in lifelong
	learning. {P}aper prepared on the basis of the {P}eer review seminars
	of the mutual learning programme of the {C}ommission of the {E}uropean
	{C}ommunities, {B}russels. {D}, {EN}, {FR}},
  year = {2006},
  owner = {Adrian},
  timestamp = {2006.12.17},
  url = {http://www.mutual-learning-employment. net/SynthesisReports }
}

@ARTICLE{Schoemann2006a,
  author = {Sch{\"o}mann, K. and Siarov, L.},
  title = {Lifelong learning redefined},
  journal = {Benchmarking Working Europe},
  year = {2006},
  volume = {4},
  pages = {66-77},
  owner = {Adrian},
  timestamp = {2006.12.17}
}

@INCOLLECTION{Schoemann2006b,
  author = {Sch{\"o}mann, K. and Siarov, L. and van den Heuvel, N.},
  title = {Managing social risks through transitional labour markets},
  booktitle = {{WZB}- {D}iscussion {P}aper {SP I} 2006 - 120},
  publisher = {Berlin},
  year = {2006},
  pages = {85},
  owner = {Adrian},
  timestamp = {2006.12.17}
}

@BOOK{Vandenbrande(2006,
  title = {{M}obility in {E}urope},
  publisher = {{E}uropean {F}oundation for the {I}mprovement of {L}iving and {W}orking
	{C}onditions: {D}ublin},
  year = {2006},
  author = {Vandenbrande, T. and Coppin, L. and Ester, P. and Fasang, A. and
	Fouarge, D. and Geerdes, S. and Sch{\"o}mann, K. and {van der Hallen},
	P.},
  owner = {Adrian},
  timestamp = {2006.12.17}
}

@comment{jabref-meta: selector_journal:}

@comment{jabref-meta: selector_author:}

@comment{jabref-meta: selector_keywords:}

@comment{jabref-meta: selector_publisher:}

