This file was created with JabRef 2.2b2.
Encoding: Cp1252

@INCOLLECTION{Schwender,
  author = {Schwender, Clemens},
  title = {Letters between {H}ome and the {F}ront - {E}xpressions of {L}ove
	in {W}orld {W}ar {II} {F}eldpost {L}etters},
  booktitle = {{T}ransformations of {P}assion. {T}he {M}ediatisation of {I}ntimacy
	in {L}etters, {P}ostcards, {TV}, {I}nternet and {M}obile {P}hone},
  publisher = {John Benjamins Publishers},
  year = {in press},
  editor = {Wyss, Eva},
  address = {New York/Amsterdam},
  owner = {Adrian},
  timestamp = {2006.12.17}
}

@comment{jabref-meta: selector_journal:}

@comment{jabref-meta: selector_author:}

@comment{jabref-meta: selector_keywords:}

@comment{jabref-meta: selector_publisher:}

