This file was created with JabRef 2.2b2.
Encoding: Cp1252

@INCOLLECTION{Kunzmann,
  author = {Kunzmann, U.},
  title = {{E}motionale {K}ompetenz: {A}llgemeine und differentielle {E}ntwicklungsverl{\"a}ufe
	im {E}rwachsenenalter},
  booktitle = {{E}xperimentelle {E}motionspsychologie},
  publisher = {G{\"o}ttingen: {H}ogrefe},
  year = {in press},
  editor = {W. Janke and G. Debus and M. Schmidt-Daffy},
  note = {Gisela Erdmann zum 60. Geburtstag gewidmet},
  owner = {Adrian},
  timestamp = {2006.12.17}
}

@INCOLLECTION{Kunzmanna,
  author = {Kunzmann, U. and Salisch, M., von},
  title = {{D}ie {E}ntwicklung von {E}motionen und emotionalen {K}ompetenzen
	{\"u}ber die Lebensspanne},
  booktitle = {{D}eutsche {E}nzyklop{\"a}die der {P}sychologie: {P}sychologie der
	{E}motion},
  publisher = {G{\"o}ttingen: Hogrefe},
  year = {in press},
  editor = {G. Stemmler},
  owner = {Adrian},
  timestamp = {2006.12.17}
}

@comment{jabref-meta: selector_journal:}

@comment{jabref-meta: selector_author:}

@comment{jabref-meta: selector_keywords:}

@comment{jabref-meta: selector_publisher:}

