This file was created with JabRef 2.2b2.
Encoding: Cp1252

@INCOLLECTION{Baltes2006,
  author = {Baltes, P. B. and Lindenberger, U. and Staudinger, U. M.},
  title = {Lifespan theory in developmental psychology},
  booktitle = {{H}andbook of {C}hild {P}sychology (6th ed.)},
  publisher = {New York: Wiley},
  year = {2006},
  editor = {{R. M.} Lerner},
  volume = {1},
  pages = {569-664},
  owner = {Adrian},
  timestamp = {2006.12.18}
}

@INCOLLECTION{Staudinger2006,
  author = {Staudinger, U. M.},
  title = {{Z}ukunft des {A}lterns: eine evidenzbasierte {T}rendanalyse ({E}xpertise
	f{\"u}r den {F}amilienbericht)},
  booktitle = {{W}em geh{\"o}rt die {F}amilie der {Z}ukunft?},
  publisher = {Opladen, Germany: Verlag Barbara Budrich},
  year = {2006},
  editor = {H. Bertram and H. Kr{\"u}ger and C. K. H. Spie{\ss}},
  pages = {325-349},
  owner = {Adrian},
  timestamp = {2006.12.18}
}

@INCOLLECTION{Staudinger,
  author = {Staudinger, U. M.},
  title = {{L}ebensspannen-{P}sychologie},
  booktitle = {{H}andbuch {E}ntwicklungspsychologie/p{\"a}dagogische {P}sychologie},
  publisher = {G{\"o}ttingen: Hogrefe},
  year = {in press},
  editor = {W. Schneider and M. Hasselhorn},
  owner = {Adrian},
  timestamp = {2006.12.18}
}

@comment{jabref-meta: selector_journal:}

@comment{jabref-meta: selector_author:}

@comment{jabref-meta: selector_keywords:}

@comment{jabref-meta: selector_publisher:}

