@article {NewtonSebastian,
    AUTHOR = {Mayer, S. and Schleicher, D.},
     TITLE = {Immediate and virtual basins of {N}ewton's method for entire
              functions},
   JOURNAL = {Ann. Inst. Fourier (Grenoble)},
  FJOURNAL = {Universit\'e de Grenoble. Annales de l'Institut Fourier},
    VOLUME = {56},
      YEAR = {2006},
    NUMBER = {2},
     PAGES = {325--336}
}

@Article{BuffRueckert,
  author = 	 {X. Buff and J. R\"uckert},
  title = 	 {Virtual Immediate Basins of {N}ewton Maps and Asymptotic Values},
  journal = 	 {International Mathematics Research Notices},
  year = 	 {2006},
  volume = 	 {Article ID 65498},
  pages = 	 {1--18},
}


@Article{Conway,
  author = 	 {D. Schleicher and M. Stoll},
  title = 	 {An Introduction to {C}onway's Games and Numbers},
  journal = 	 {Moscow Mathematical Journal},
  year = 	 {2006},
  volume = 	 {6},
  pages =        {359--388},
  eprint = {math.CO/0410026}
}


@Unpublished{Cosine,
  author = 	 {D. Schleicher},
  title = 	 {The dynamical fine structure of iterated cosine maps and a  dimension paradox},
  note = 	 {Duke Mathematical Journal, to appear},
  eprint =       {math.DS/0406255}
}

@Unpublished{ExpoPSP,
  author = 	 {B. Laubner and D. Schleicher and V. Vicol},
  title = 	 {A Combinatorial Classification of Postsingularly Preperiodic Complex Exponential Maps},
  note = 	 {Discrete and Continuous Dynamical Systems, to appear},
  eprint =       {math.DS/0602602}
}

@Unpublished{ExpoEscClass,
  author = 	 {M. F\"orster and D. Schleicher and L. Rempe},
  title = 	 {Classification of Escaping Exponential Maps},
  note =         {Submitted},
  eprint =       {math.DS/0311427}
}

@Unpublished{Hausdorff,
  author = 	 {D. Schleicher},
  title = 	 {Hausdorff dimension, its properties, and its surprises},
  note = 	 {American Mathematical Monthly, to appear},
  eprint =       {math.DS/0505099}
}

@InCollection{ExpoBifComb,
  author = 	 {L. Rempe and D. Schleicher},
  title = 	 {Combinatorics of bifurcations in exponential parameter space},
  booktitle = 	 {Invited and accepted for a volume  in memory of  Noel Baker},
  publisher =    {Cambridge University Press},
  editor = 	 {P. Rippon},
  eprint =       {math.DS/0408011},
  year = {2007, to appear}
}

@InCollection{EscCosine,
  author = 	 {G. Rottenfu{\ss}er and D. Schleicher},
  title = 	 {Escaping Points of the Cosine Family},
  booktitle = 	 {Invited and accepted for a volume  in memory of  Noel Baker},
  publisher =    {Cambridge University Press},
  editor = 	 {P. Rippon},
  eprint =       {math.DS/0403012},
  publisher = {Cambridge University Press},
  year = {2007, to appear}
}


@Unpublished{Alex1,
  author = 	 {A. Kaffl},
  title = 	 {On the Structure of Abstract {H}ubbard Trees and the Space of Abstract Kneading Sequences of Degree Two},
  note = 	 {Ergodic Theory and  Dynamical Systems, to appear}
}


@Unpublished{ExpoBif,
  author = 	 {L. Rempe and D. Schleicher},
  title = 	 {Bifurcations in the Space of Exponential Maps},
  note = 	 {Preprint Nr.~3, Institute for Mathematical Sciences at Stony Brook; submitted},
  eprint =       {math.DS/0311480}
}

@Unpublished{ExpoParaRays,
  author = 	 {M. F\"orster and D. Schleicher},
  title = 	 {Parameter rays for the complex exponential family},
  note =         {Submitted},
  eprint =       {math.DS/050597}
}

@Unpublished{ExpoSpiders,
  author = 	 {J. Hubbard and D. Schleicher and M. Shishikura},
  title = 	 {A Topological Characterization of Postsingularly Finite  Exponential Maps and Limits of Quadratic Differentials},
  note =         {Submitted},
  year = 	 {2006}
}


@Unpublished{NewtonJohannes,
  author = 	 {J. R\"uckert},
  title = 	 {Combinatorial structure of immediate basins of {N}ewton maps},
  note =         {Submitted}
}

@Unpublished{NewtonEntire,
  author = 	 {J. R\"uckert and D. Schleicher},
  title = 	 {On {N}ewton's method for entire functions},
  eprint =       {math.DS/0505652},
  note =         {Submitted}
}

@InProceedings{NewtonOutline,
  author = 	 {D. Schleicher},
  title = 	 {Newton's method is efficient as a dynamical system for polynomials},
  booktitle = {Proceedings of the Fields Institute, Toronto},
  year =     {2006}
}

@InProceedings{JohannesNewtonSurvey,
  author = 	 {J. R\"uckert},
  title = 	 {Rational and Transcendental {N}ewton Maps},
  booktitle = {Proceedings of the Fields Institute, Toronto},
  year = 	 {2006}
}

@Book{SymDyn,
  author = 	 {H. Bruin and A. Kaffl and D. Schleicher},
  title = 	 {Symbolic Dynamics of Quadratic Polynomials},
  publisher = 	 {Earlier version in Institute Mittag-Leffler},
  eprint =       {http://www.mittag-leffler.se/preprints/0102/}
}

@Unpublished{FracSums,
  author = 	 {M. M\"uller and D. Schleicher},
  title = 	 {Fractional Sums and {E}uler-like Identities},
  eprint = {math.CA/0502109},
  note =         {Submitted}
}


@Unpublished{PhilippColor,
  author = 	 {P. Urban and M.R. Rosen and R.S. Berns and D. Schleicher},
  title = 	 {Embedding non-euclidean color spaces into euclidean color spaces  with minimal isometric disagreement},
  note =         {Submitted},
  year =         {2006}
}

@PhdThesis{AlexThesis,
  author = 	 {A. Kaffl},
  title = 	 {Hubbard trees and kneading sequences for unicritical and cubic polynomials},
  school = 	 {International University Bremen},
  year = 	 {2006},
  note = 	 {External Reviewers: Milnor (Stony Brook), Rees (Liverpool)}
}

@PhdThesis{JohannesThesis,
  author = 	 {J. R\"uckert},
  title = 	 {Newton's method as a dynamical system},
  school = 	 {International University Bremen},
  year = 	 {2006},
  note = 	 {External Reviewer: Lyubich (Stony Brook and Toronto)}
}

