@Book{Amodeo1,
  author = 	 {Amodeo, I},
  ALTeditor = 	 {},
  title = 	 {"Il gusto melodrammatico". Eine medienkomparatistische Studie zum Opernhaften},
  publisher = 	 {Bielefeld: Transcript},
  year = 	 {2006},
  OPTkey = 	 {},
  OPTvolume = 	 {},
  OPTnumber = 	 {},
  OPTseries = 	 {},
  OPTaddress = 	 {},
  OPTedition = 	 {},
  OPTmonth = 	 {},
  note = 	 {in press},
  OPTannote = 	 {}
}

@Book{Amodeo2,
  author = 	 {Amodeo, I., & Erdmann, E. (Eds.)},
  ALTeditor = 	 {},
  title = 	 {Crime & nation. Political and cultural mappings of criminality in traditional and in new media},
  publisher = 	 {Trier: WVT},
  year = 	 {2006},
  OPTkey = 	 {},
  OPTvolume = 	 {},
  OPTnumber = 	 {},
  OPTseries = 	 {},
  OPTaddress = 	 {},
  OPTedition = 	 {},
  OPTmonth = 	 {},
  note = 	 {in press},
  OPTannote = 	 {}
}


@Book{Wuensche1,
  author = 	 {Botar, O.A.I., & Wünsche, I. (Eds.) },
  ALTeditor = 	 {},
  title = 	 {Biocentrism and modernism.},
  publisher = 	 {Pittsburgh: Pittsburgh University Press},
  year = 	 {2006},
  OPTkey = 	 {},
  OPTvolume = 	 {},
  OPTnumber = 	 {},
  OPTseries = 	 {},
  OPTaddress = 	 {},
  OPTedition = 	 {},
  OPTmonth = 	 {},
  note = 	 {in press},
  OPTannote = 	 {}
}

@Book{Crowther1,
  author = 	 {Crowther, P.},
  ALTeditor = 	 {},
  title = 	 {Defining art, creating the canon; artistic value in an era of doubt.},
  publisher = 	 {Oxford: Oxford University Press},
  year = 	 {2006},
  OPTkey = 	 {},
  OPTvolume = 	 {},
  OPTnumber = 	 {},
  OPTseries = 	 {},
  OPTaddress = 	 {},
  OPTedition = 	 {},
  OPTmonth = 	 {},
  note = 	 {in press},
  OPTannote = 	 {}
}



@Book{Crowther2,
  author = 	 {Elliot, R.K.},
  ALTeditor = 	 {},
  title = 	 {Aesthetics, imagination, and the unity of experience.},
  publisher = 	 {Ashgate: Aldershot},
  year = 	 {2006},
  OPTkey = 	 {},
  OPTvolume = 	 {},
  OPTnumber = 	 {},
  OPTseries = 	 {},
  OPTaddress = 	 {},
  OPTedition = 	 {},
  OPTmonth = 	 {},
  note = 	 {edited and critically introduced by Paul Crowther, pp. ix - xix, in press},
  OPTannote = 	 {}
}


@Book{Peters1,
  author = 	 {Peters, S., Stierstorfer, K., & Volkmann, L. (Ed.)},
  ALTeditor = 	 {},
  title = 	 {Drama I, Teaching Contemporary Literature and Culture.},
  publisher = 	 {Trier: WVT},
  year = 	 {2006},
  OPTkey = 	 {},
  OPTvolume = 	 {},
  OPTnumber = 	 {},
  OPTseries = 	 {},
  OPTaddress = 	 {},
  OPTedition = 	 {},
  OPTmonth = 	 {},
  OPTnote = 	 {},
  OPTannote = 	 {}
}


@Book{Peters2,
  author = 	 {Peters, S., Stierstorfer, K., & Volkmann, L. (Ed.)},
  ALTeditor = 	 {},
  title = 	 {Drama II, Teaching Contemporary Literature and Culture.},
  publisher = 	 {Trier: WVT},
  year = 	 {2006},
  OPTkey = 	 {},
  OPTvolume = 	 {},
  OPTnumber = 	 {},
  OPTseries = 	 {},
  OPTaddress = 	 {},
  OPTedition = 	 {},
  OPTmonth = 	 {},
  OPTnote = 	 {},
  OPTannote = 	 {}
}


@Book{Rommel1,
  author = 	 {Rommel, T.},
  ALTeditor = 	 {},
  title = 	 {50 Klassiker der Weltliteratur. Bücher lesen und verstehen.},
  publisher = 	 {Hamburg: merus},
  year = 	 {2006},
  OPTkey = 	 {},
  OPTvolume = 	 {},
  OPTnumber = 	 {},
  OPTseries = 	 {},
  OPTaddress = 	 {},
  OPTedition = 	 {},
  OPTmonth = 	 {},
  OPTnote = 	 {},
  OPTannote = 	 {}
}



@Book{Rommel2,
  author = 	 {Rommel, T.},
  ALTeditor = 	 {},
  title = 	 {Das Selbstinteresse von Mandeville bis Smith. Ökonomisches Denken in ausgewählten Texten des 18. Jahrhunderts.},
  publisher = 	 {Heidelberg: Winter},
  year = 	 {2006},
  OPTkey = 	 {},
  OPTvolume = 	 {},
  OPTnumber = 	 {},
  OPTseries = 	 {},
  OPTaddress = 	 {},
  OPTedition = 	 {},
  OPTmonth = 	 {},
  OPTnote = 	 {},
  OPTannote = 	 {}
}


@Book{Rommel3,
  author = 	 {Rommel, T.},
  ALTeditor = 	 {},
  title = 	 {Literaturspalten. Bücher lesen und verstehen.},
  publisher = 	 {Hamburg: merus},
  year = 	 {2006},
  OPTkey = 	 {},
  OPTvolume = 	 {},
  OPTnumber = 	 {},
  OPTseries = 	 {},
  OPTaddress = 	 {},
  OPTedition = 	 {},
  OPTmonth = 	 {},
  OPTnote = 	 {},
  OPTannote = 	 {}
}


@Book{Rommel4,
  author = 	 {Rommel, T., & Schreiber, M.},
  ALTeditor = 	 {},
  title = 	 {Mapping uncertain territories. Space and place in contemporary theatre and drama.},
  publisher = 	 {Trier: WVT},
  year = 	 {2006},
  OPTkey = 	 {},
  OPTvolume = 	 {},
  OPTnumber = 	 {},
  OPTseries = 	 {},
  OPTaddress = 	 {},
  OPTedition = 	 {},
  OPTmonth = 	 {},
  note = 	 {(Contemporary Drama in English; 13).},
  OPTannote = 	 {}
}


@Book{Wuensche2,
  author = 	 {Wünsche , I.},
  ALTeditor = 	 {},
  title = 	 {Galka E. Scheyer & Die Blaue Vier: Briefwechsel 1924-1945.},
  publisher = 	 {Bern: Benteli},
  year = 	 {2006},
  OPTkey = 	 {},
  OPTvolume = 	 {},
  OPTnumber = 	 {},
  OPTseries = 	 {},
  OPTaddress = 	 {},
  OPTedition = 	 {},
  OPTmonth = 	 {},
  OPTnote = 	 {},
  OPTannote = 	 {}
}

@Book{Wuensche3,
  author = 	 {Wünsche , I.},
  ALTeditor = 	 {},
  title = 	 {Galka E. Scheyer & The Blue Four: Correspondence 1924-1945.},
  publisher = 	 {Bern: Benteli},
  year = 	 {2006},
  OPTkey = 	 {},
  OPTvolume = 	 {},
  OPTnumber = 	 {},
  OPTseries = 	 {},
  OPTaddress = 	 {},
  OPTedition = 	 {},
  OPTmonth = 	 {},
  OPTnote = 	 {},
  OPTannote = 	 {}
}


@InBook{amodeo3,
  author = 	 {V. Borso, & H. Brohm (Eds.)},
  ALTeditor = 	 {},
  title = 	 {Transkulturation. Literarische und mediale Grenzraume im deutsch-italienischen Kulturkontakt},
  chapter = 	 {Schreiben in mehreren Sprachen: Chiara de Manzini Himmrich - Giuseppe Giambusso - Sonja Guerrera - Piero Salabe},
  publisher = 	 {Bielefeld: Transcript},
  year = 	 {2006},
  OPTkey = 	 {},
  OPTvolume = 	 {},
  OPTnumber = 	 {},
  OPTseries = 	 {},
  OPTtype = 	 {},
  OPTaddress = 	 {},
  OPTedition = 	 {},
  OPTmonth = 	 {},
  OPTpages = 	 {},
  note = 	 {in press},
  OPTannote = 	 {}
}

